2305 3809
210 232 325 310 358

905 212 1116 278 Henrici
1149 211 1429 295 spelmanni

171 306 2157 337 W

391 357 464 386 omni
480 353 574 390 Geldo,
590 347 624 383 &¹
637 351 720 383 Scato,
736 342 771 376 &
789 341 917 383 Hidagio,
938 332 973 368 &
987 335 1138 379 Denegeldo

383 400 468 445 (cum
489 391 718 441 aliisplurimis)
736 389 770 424 ΕΞ
783 389 897 421 liberam
911 385 945 417 ab
963 388 1036 416 omm'
1050 383 1137 422 confic-

384 451 493 483 etudine
503 455 611 478 terrenae
623 442 782 481 servitutis,
806 435 840 471 &
852 435 887 467 ab
903 437 976 465 omni
995 434 1136 465 exustione

385 498 572 542 Episcoporum.
596 487 681 522 Vide
706 492 795 520 Leuca
809 509 819 525 ,
856 493 913 528 pro
923 484 980 522 situ
1009 481 1137 521 monaste-

385 551 434 584 rti,
457 545 489 575 ὅ(
509 541 655 572 Banleuca.

432 586 455 634 ff
480 583 608 624 Levita.
634 582 651 629 ]
674 585 736 618 Pro
750 584 867 621 diacono,
885 577 1019 624 iquinto
1038 574 1137 622 gradu

385 635 522 672 Ecclefiae
540 634 622 679 iuxta
633 634 671 666 D.
682 631 922 674 Hieronymum,
936 625 1034 660 Tom.
1045 635 1080 669 4.
1088 623 1138 657 lib.

384 687 423 720 de
441 698 460 730 7
475 677 627 718 ordinibus
642 679 749 714 Eccles
765 689 840 724 quos
850 674 922 708 vide
934 675 1022 720 supra
1041 673 1071 706 in
1084 678 1138 706 Le-

383 739 449 774 ἑῖον,
481 736 513 766 &
539 730 635 776 ipsum
669 728 897 771 Hieronymum
926 723 956 756 in
974 720 1060 756 dieto
1088 721 1139 755 lib.

383 782 518 822 Quintus
537 779 556 822 (
573 775 699 825 inquit)
716 776 747 809 in
757 772 944 813 diaconibus,
956 769 1033 804 ordo
1043 771 1139 810 Jizcra-

384 835 469 863 menti
491 830 539 871 est,
553 826 614 862 &c.
636 823 769 872 egregie.
794 823 878 857 Hinc
895 823 1068 856 Archilevita
1081 831 1139 864 pro

386 876 616 912 Archidiacono.

435 923 458 971 ff
483 923 602 959 Leuua.
628 921 644 967 ]
669 917 752 955 Vide
770 924 867 953 Leuca.

434 1019 456 1068 ᾖ
482 1015 732 1058 Levitonariunae.
761 1015 778 1061 ]
798 1017 890 1060 Juxta
911 1012 1034 1048 Gloffas
1059 1024 1140 1047 vete-

393 1085 438 1106 res
456 1070 498 1105 est
524 1071 682 1104 colobarz‘um
700 1070 800 1100 lineum
809 1067 870 1106 fine
889 1069 1016 1097 manicis.
1037 1061 1141 1095 Suidas

388 1118 596 1157 Mssnwu'wv
613 1142 623 1158 ‚
662 1115 744 1161 947ko
781 1113 931 1159 μονιχκός
959 1115 995 1146 ὲκ
1032 1110 1140 1155 τειχῖν

388 1167 621 1207 ωνπθιιμένΘ,
637 1165 655 1198 i.
672 1167 879 1197 Levitonarium
908 1163 1025 1195 interula
1048 1172 1140 1192 mona-

388 1219 494 1250 chorum
509 1230 546 1250 ex
574 1217 641 1260 pilis
658 1214 802 1257 oompcfita.

437 1307 462 1356 J
485 1306 665 1355 Lewytheil.
688 1306 705 1352 ]

390 1361 550 1403 ——ipss‘
560 1361 633 1398 fecie
651 1362 778 1389 triturare
803 1359 893 1385 omnia
915 1353 994 1386 blada
1011 1359 1142 1395 Qmano-

390 1422 451 1443 rum
472 1418 523 1453 per
541 1409 595 1439 illos
612 1409 661 1451 qui
678 1403 838 1436 vocabantur
865 1399 1035 1433 Lewitheil.
1060 1401 1142 1433 Mat.

391 1458 459 1491 Par.
480 1454 581 1490 Addit.
603 1464 673 1500 pag.
697 1464 710 1486 1
722 1463 778 1496 52.

810 1305 965 1340 Hubertus
982 1304 1020 1338 de
1035 1306 1141 1350 Burgo

437 1597 460 1647 J
484 1602 596 1646 Synopsis
633 1601 722 1644 legum
744 1601 920 1643 antiquarum
952 1594 971 1628 ὰ
990 1597 1094 1641 populis
1135 1608 1138 1612 ·

482 1649 636 1682 Borealt'bus
649 1652 879 1693 promanann'um.
901 1645 974 1689 Qv
983 1657 1047 1686 aevo,

509 1694 544 1730 ὅ
553 1697 647 1742 quibus
656 1697 766 1731 condttae
775 1697 841 1737 sunt
859 1693 1021 1727 authoribus.

438 1840 462 1890 J
485 1845 558 1881 Lex.
582 1842 599 1889 ]
638 1843 723 1878 Cum
750 1841 888 1877 victricia
912 1853 966 1888 per
985 1841 1144 1886 Europam

393 1892 477 1939 ligna
489 1891 657 1928 extuliffent
669 1892 779 1934 Gothi,
791 1893 935 1931 Saxones,
962 1888 1145 1935 Longobar-

391 1942 433 1982 di,
451 1942 544 1982 Dani,
561 1941 737 1975 Normanni
752 1966 762 1982 ,
793 1940 903 1987 aliique
921 1939 1013 1972 maris
1029 1936 1149 1978 Baltici,

391 1993 423 2023 ὃ(
435 1990 609 2023 Germaniae
621 1989 748 2022 borealis
762 1987 883 2027 accolae,
903 1998 1027 2020 morum
1043 1989 1075 2019 ὅ(
1092 1985 1148 2017 lin-

395 2049 467 2083 guae
496 2032 663 2082 'gaudentes
696 2034 906 2068 similitudine:
932 2033 1013 2078 leges
1042 2031 1148 2078 paffim

393 2085 584 2130 triumphatis
601 2083 719 2130 populis
732 2081 911 2122 inferebant,
923 2081 1089 2126 patriarum
1102 2079 1148 2113 su-

395 2145 483 2167 arum
502 2133 574 2166 ritus
594 2136 625 2166 &
646 2131 794 2165 vocabula
812 2130 943 2175 plurima
974 2129 1143 2162 retinentes.

395 2182 480 2215 Hinc
499 2179 534 2214 fit
552 2190 585 2213 ut
597 2180 682 2213 nobis
695 2191 767 2212 cum
785 2177 959 2217 Germanis,
972 2176 1149 2220 Galli521ta-

396 2229 439 2270 lis,
453 2228 606 2274 Hispanis,
623 2226 737 2268 Siculis,
754 2224 877 2273 ipfistlue
896 2224 1026 2258 invicem
1041 2238 1052 2267 3
1082 2223 1149 2257 tum

397 2278 429 2310 in
442 2277 546 2322 legum
565 2277 759 2323 antiquarum
771 2287 897 2315 canone,
910 2272 976 2306 turn
997 2273 1026 2306 in
1044 2272 1149 2318 Magi—

397 2325 557 2365 stratuum‚
574 2323 762 2359 officialium
775 2349 785 2365 ‚
819 2326 851 2357 ὅ(
870 2320 1078 2356 ministrorum
1097 2333 1149 2366 ap-

398 2373 606 2419 pellationibus
619 2373 630 2417 (
641 2384 728 2406 voces
737 2382 771 2406 ut
787 2371 928 2417 vulgares
946 2381 1064 2404 taceam
1083 2368 1149 2403 infi-

397 2423 471 2455 nitas
483 2423 494 2460 )
513 2432 596 2455 tanta
614 2422 689 2468 saepe
701 2420 942 2467 deprehendatur
950 2418 1149 2452 consonantia.

394 2470 515 2514 Jaclent
527 2471 619 2516 igitur
636 2470 688 2518 qui
703 2469 810 2502 volunt
823 2468 927 2514 legum
945 2467 1065 2501 suarum
1082 2479 1149 2501 mu-

398 2518 570 2564 nicipalium
582 2519 791 2564 antiquitatem
812 2518 833 2562 (
844 2529 916 2550 nam
935 2520 966 2550 &
984 2516 1043 2550 hoc
1067 2516 1149 2562 inep-

398 2567 448 2601 tiae
462 2566 621 2612 prudentes
638 2567 733 2612 carpit
745 2565 767 2608 )
803 2578 909 2600 earum
935 2575 1038 2598 tamen
1058 2566 1148 2610 origo

398 2614 660 2661 quantulacunque
678 2614 712 2648 fit
729 2617 759 2647 &
773 2614 915 2655 barbara,
944 2612 1064 2647 aliunde
1082 2613 1149 2646 nuss

398 2676 493 2710 quam
511 2662 632 2697 videtur
649 2662 826 2709 expetenda,
861 2672 895 2695 ut
917 2662 934 2695 ὲ
961 2661 1149 2707 sequentibus

400 2711 537 2746 elucebit.
576 2711 655 2752 Quis
663 2711 745 2744 enim
762 2710 864 2744 victor
872 2709 1001 2756 populus
1013 2709 1066 2742 sub
1074 2709 1148 2744 vicii

402 2760 516 2806 legibus
532 2759 754 2806 conquiniscet3
778 2759 940 2805 praesertim
958 2757 1029 2791 cum
1050 2757 1149 2803 eje&o

403 2808 468 2850 isto,
492 2809 589 2842 sedem
609 2807 657 2842 ille
676 2808 855 2842 incoluerit?
879 2806 938 2840 Sed
964 2805 1003 2839 de
1025 2806 1084 2840 hoc
1096 2819 1150 2852 po-

402 2856 481 2890 litici.
529 2858 599 2903 Ego
618 2858 648 2891 in
666 2857 708 2890 rei
726 2857 859 2903 antiquae
887 2853 1078 2897 beneficium,
1108 2855 1150 2888 le-

404 2915 480 2949 gum
493 2904 621 2950 iplarum
649 2906 800 2952 originem
818 2908 849 2940 ὅ(
862 2903 1030 2938 conditores
1048 2904 1071 2949 (
1088 2915 1149 2951 qua

404 2952 509 2996 poffim
529 2953 550 2995 )
576 2954 662 2988 dabo.

454 3053 517 3082 Lex
536 3055 757 3092 Alamannorum,
780 3051 796 3085 ὲ
819 3052 921 3099 patriis
932 3050 1148 3086 consuetudini-

405 3095 461 3128 bus
477 3098 608 3142 primum
626 3100 747 3133 redaeta
765 3099 807 3133 est
820 3101 850 3134 in
870 3100 991 3146 scriptu,
1009 3099 1027 3134 a
1039 3100 1148 3134 Theo-

407 3143 507 3177 derico
527 3147 612 3191 Rege
631 3149 818 3181 Francorum
836 3149 888 3194 qui
901 3148 1003 3182 floruit
1022 3149 1076 3182 sub
1089 3151 1148 3183 An.

408 3192 482 3225 Chr.
498 3204 517 3238 5
528 3205 539 3226 1
551 3206 579 3226 2.
606 3196 698 3228 modo
710 3207 770 3240 quo
789 3193 865 3229 infra
890 3197 998 3230 videris
1027 3197 1058 3229 in
1084 3202 1148 3230 Lex

409 3244 623 3274 Baiuuariorum.
655 3242 759 3276 Postea
783 3244 858 3277 vero
875 3244 1062 3278 emendatior
1079 3256 1149 3278 con-

410 3287 538 3323 stituitur
555 3287 572 3322 ὲ
590 3288 748 3322 Clothario
768 3303 799 3324 2.
823 3292 985 3337 Chilperici
1014 3291 1086 3333 filio,
1115 3296 1148 3326 ὃς

410 3337 593 3382 Principibus
609 3337 675 3377 suis,
686 3337 744 3370 viz.
759 3348 774 3381 3
786 3349 800 3381 3
823 3339 983 3384 Episcopis,
998 3350 1044 3385 34
1056 3341 1149 3374 Duci-

408 3385 472 3426 bus,
488 3398 534 3430 72
553 3385 732 3425 comitibus,
739 3394 906 3430 caeteroque
923 3388 1048 3431 populo,
1059 3399 1149 3432 prout

409 3433 437 3466 ia
452 3434 537 3473 titulo
556 3435 631 3469 illius
643 3433 715 3479 legis
730 3431 957 3468 demonstratur.

1231 335 1297 364 Lex
1310 327 1473 375 Angliorum
1489 328 1524 364 &
1543 326 1729 372 manorum,
1747 329 1766 366 i.
1801 335 1822 376 (
1835 334 1880 367 uti
1898 334 1930 368 in

1181 376 1282 412 fronte
1301 376 1423 424 praefert
1438 377 1456 420 )
1471 381 1673 424 'thuringorum
1697 378 1743 411 Ea
1751 379 1858 414 dicitur
1870 394 1930 430 qua

1182 427 1256 460 olim
1273 426 1318 460 uli
1347 427 1413 460 sunt
1429 426 1527 474 Angli
1551 436 1667 460 veteres
1685 426 1716 460 in·
1743 426 1930 464 Germannia

1182 473 1342 508 refidentes
1359 488 1366 507 :
1391 478 1423 508 &
1436 487 1508 522 quae
1524 474 1649 510 demum
1664 488 1682 509 a
1692 474 1806 511 Carolo
1817 486 1931 522 magno

1182 521 1373 562 confirmata,
1395 522 1435 556 ad
1453 521 1586 567 posteros
1606 524 1741 564 devenit,
1762 522 1835 556 ficut
1847 523 1934 566 infra,

1183 571 1213 604 in
1232 576 1269 605 L.
1280 576 1418 605 Saxonum
1435 570 1616 615 perhibetur.
1665 572 1795 607 Tacitus
1812 572 1866 606 hos
1875 579 1933 606 An·

1178 623 1236 665 glos
1250 618 1285 655 &
1298 624 1411 654 Varinos
1421 619 1566 654 nominat.

1234 722 1299 752 Lex
1314 720 1461 763 Anglorum
1480 717 1511 750 in
1529 716 1695 759 Britannia,
1726 718 1744 751 ὲ
1759 719 1937 753 Germano-

1184 776 1254 800 rum
1268 766 1403 800 moribus
1421 765 1541 799 videtur
1560 775 1639 807 orta,
1662 764 1713 799 sed
1737 778 1832 812 quem
1857 767 1938 801 hanc

1185 814 1319 859 primum
1343 812 1469 861 posuiffe
1485 814 1631 855 censeam,
1657 825 1772 860 magna
1790 826 1840 848 me
1856 825 1939 849 tenet

1184 862 1342 897 dubitatio.
1391 861 1516 897 Veniffe
1534 863 1552 897 ὲ
1573 862 1740 897 Germania
1758 872 1867 896 notum
1884 862 1939 905 est,

1180 911 1268 955 Jutos
1279 911 1329 945 seu
1346 911 1483 954 Gothos,
1511 910 1642 958 Anglos,
1667 914 1699 946 ὅ(
1712 912 1860 946 Saxones:
1884 910 1940 944 lin-

1185 971 1249 1004 gua
1267 959 1444 994 &moribus
1461 959 1571 1006 parum
1589 959 1724 1006 dispares.
1748 960 1862 1005 AJutis
1878 958 1944 992 orti

1186 1007 1254 1041 sunt
1272 1008 1415 1042 Cantiani
1425 1011 1456 1042 ὅ(
1469 1008 1642 1043 νεᾶεηίὲε.
1665 1011 1695 1043 A
1709 1007 1941 1054 Saxonibus,qui

1186 1056 1358 1101 provincias
1375 1057 1488 1090 Cantio
1506 1054 1698 1092 circumfusas
1713 1057 1858 1099 incolunt,
1889 1057 1942 1091 Es-

1186 1104 1316 1146 sexiam,
1330 1104 1548 1148 Midilsexiam,
1559 1106 1706 1147 Surriam,
1719 1103 1898 1147 Suffexiam‚
1908 1109 1942 1140 &

1187 1152 1200 1197 (
1212 1153 1347 1188 traetum
1367 1153 1426 1188 late
1440 1154 1630 1188 maritimum
1643 1153 1832 1189 Cornubiam
1850 1153 1942 1200 usq3)

1187 1201 1442 1236 Westsaxoniam.
1467 1203 1519 1237 Ab
1538 1202 1646 1249 Anglis
1662 1229 1672 1245 ,
1696 1203 1811 1236 Mercii
1826 1206 1857 1236 ὅ(
1874 1203 1943 1237 reli-

1187 1263 1255 1297 quae
1274 1251 1396 1297 Angliae
1427 1256 1439 1292 (
1453 1252 1509 1285 scil.
1535 1252 1699 1286 Orientalis
1726 1254 1758 1286 ὃ(
1783 1251 1943 1295 Borealis)

1188 1299 1301 1345 populi.
1331 1299 1473 1334 Cantiani
1490 1300 1554 1333 suas
1579 1300 1741 1346 aliquando
1771 1299 1943 1334 habuerunt

1188 1347 1279 1393 leges,
1302 1347 1350 1382 {ed
1368 1348 1543 1382 coeuntibus
1558 1349 1592 1382 iis
1612 1351 1644 1382 δε
1662 1347 1828 1382 Saxonibus
1845 1348 1943 1381 omni-

1187 1395 1244 1428 bus
1266 1396 1319 1428 sub
1343 1396 1582 1430 westsaxonum
1601 1396 1726 1437 ditione,
1742 1396 1856 1429 horum
1872 1396 1943 1442 lege

1189 1442 1316 1484 vivitur,
1340 1443 1435 1489 Angli
1447 1443 1515 1488 lege
1532 1443 1576 1476 ufi
1587 1445 1653 1477 sunt
1671 1448 1682 1484 (
1698 1456 1791 1490 quam
1807 1443 1942 1487 vocant)

1190 1491 1326 1533 Mercia,
1355 1490 1452 1524 donec
1477 1492 1622 1525 irruentes
1641 1492 1733 1531 Dani,
1752 1490 1946 1537 Eastangliae,

1190 1545 1223 1575 &
1242 1539 1476 1574 Nox-thumbriae
1508 1540 1682 1585 provinciis,
1717 1540 1781 1574 suas
1800 1539 1946 1572 inducunt

1191 1587 1427 1629 consuetudines,
1451 1586 1469 1621 a
1487 1588 1635 1634 prioribus
1654 1601 1715 1621 non
1733 1588 1765 1621 in
1784 1587 1945 1633 compluri-

1190 1639 1248 1673 mis
1265 1637 1469 1683 distrepantes
1493 1637 1577 1671 Hinc
1596 1636 1757 1681 majoribus
1773 1636 1879 1670 nostris
1892 1637 1943 1670 tri-

1191 1687 1262 1735 plex
1299 1686 1404 1732 legum
1437 1684 1590 1720 distinctio
1635 1684 1942 1731 pestseaxna—laga,

1191 1735 1441 1781 soypcna-laga‚
1465 1737 1497 1768 ὃ(
1528 1735 1711 1780 Bene-laga
1724 1760 1734 1777 ,
1759 1735 1777 1768 i.
1790 1739 1854 1768 Lex
1877 1739 1944 1767 occi-

1192 1788 1302 1819 duorum
1331 1788 1471 1817 Saxonum
1488 1807 1498 1824 ,
1521 1788 1586 1817 Lex
1616 1787 1792 1825 Merciorum,
1821 1782 1856 1818 &¹
1881 1787 1945 1817 Lex

1192 1840 1347 1875 banorum,
1359 1830 1397 1866 de
1415 1831 1523 1879 quibus
1540 1832 1641 1867 dicam
1653 1845 1725 1867 cum
1747 1830 1875 1873 Ovidio,

1316 1946 1440 1959 ———-
1447 1934 1537 1972 facies
1553 1944 1606 1964 non
1626 1931 1745 1965 omnibus
1763 1943 1828 1971 una,

1194 1986 1253 2014 Nec
1270 1982 1374 2020 diversit
1389 1992 1492 2018 tamen,
1508 1984 1614 2022 qualem
1626 1983 1699 2012 decet
1717 1981 1765 2021 effi·
1773 1981 1899 2019 sororum.

1246 2075 1399 2108 Omnium
1418 2082 1522 2106 autem
1541 2086 1617 2120 quos
1643 2072 1784 2108 novimus
1806 2072 1888 2119 leges
1915 2072 1946 2107 in
1965 2092 2024 2123 Π..
2040 2089 2181 2120 Ethelber-

1196 2123 1307 2169 striptis
1326 2123 1442 2168 primus
1456 2120 1550 2154 edidit
1569 2122 1760 2155 Ethelbertus
1779 2123 1850 2155 Rex
1867 2123 1949 2156 Can·
1965 2133 2001 2163 ti,

1195 2171 1231 2204 tii
1251 2171 1333 2215 (qui
1348 2171 1495 2214 Regnum
1514 2167 1579 2202 iniit
1598 2171 1658 2202 An.
1686 2170 1771 2214 561.
1797 2168 1951 2217 fidemque

1197 2218 1351 2264 suscipiens
1378 2215 1580 2252 Christianam
1591 2243 1602 2259 ,
1637 2217 1709 2251 sedit
1745 2230 1839 2252 annos
1869 2218 1950 2264 55.)

1196 2267 1246 2301 sed
1260 2268 1368 2300 breves
1382 2265 1429 2299 ille
1443 2268 1474 2298 ὃ(
1488 2265 1554 2300 satis
1571 2265 1675 2308 rudes,
1696 2279 1801 2300 earum
1813 2266 1903 2300 instar
1911 2266 1950 2301 de

1197 2316 1308 2362 quibus
1327 2316 1400 2349 item
1420 2313 1551 2349 Ovidius
1570 2313 1648 2349 Fast.
1666 2327 1693 2349 1.

1197 2417 1270 2454 Jura
1294 2415 1377 2447 dabat
1397 2418 1489 2461 populo
1512 2417 1593 2459 posito
1611 2416 1685 2447 modo
1711 2419 1811 2447 Praetor
1830 2425 1927 2447 aratro.

1246 2511 1329 2545 Huic
1355 2513 1510 2558 proximus
1541 2512 1603 2545 suas
1622 2509 1704 2544 dedit
1720 2510 1790 2544 Rex
1808 2507 1946 2541 occiduo-

1197 2573 1267 2595 rum
1285 2561 1439 2596 Saxonum
1459 2561 1536 2601 Inas,
1559 2561 1637 2593 inter
1654 2570 1768 2593 annum
1781 2569 1843 2604 quo
1853 2557 1947 2602 coepit

1198 2621 1323 2655 regnare
1342 2622 1362 2655 7
1373 2622 1384 2644 1
1395 2624 1428 2645 2.
1441 2612 1473 2643 ὅ(
1484 2610 1567 2650 exiit,
1577 2621 1663 2654 727.

1245 2658 1382 2692 Succedit
1395 2661 1455 2693 An.
1479 2670 1525 2703 75
1534 2658 1563 2692 8.
1586 2655 1779 2690 Merciorum
1799 2652 1949 2700 leg-Istator
1964 2668 2022 2699 ΗΛ
2035 2667 2121 2700 Οῆῖἓ.

1196 2704 1271 2742 Offa
1289 2709 1370 2748 Rex,
1382 2720 1474 2754 quem
1484 2719 1545 2753 ego
1557 2708 1629 2753 legis
1640 2704 1767 2739 Merciae
1786 2703 1945 2736 authorem

1197 2769 1277 2798 reor,
1293 2769 1354 2790 non
1373 2756 1453 2790 istius
1463 2755 1667 2803 appellationis
1686 2750 1826 2792 foemina,
1834 2750 1872 2783 de
1883 2762 1944 2797 quo

1197 2804 1274 2840 {11er
1287 2805 1316 2839 in
1335 2810 1399 2839 Lex
1411 2809 1527 2838 Mercia.

1247 2853 1319 2888 Inde
1338 2854 1415 2899 pius,
1428 2853 1568 2899 inclytus,
1583 2849 1683 2891 foelix3
1700 2851 1763 2883 imo
1781 2850 1859 2883 inter
1877 2860 1943 2893 per·
1961 2867 2018 2896 ΗΑ.
2035 2866 2164 2897 Murem.

1197 2913 1301 2949 petuas
1313 2914 1519 2936 aerumnarum
1538 2901 1716 2934 acerbitates
1730 2898 1829 2932 viclor
1847 2900 1878 2930 &
1892 2897 1946 2930 tri-

1197 2951 1371 2998 umphator,
1382 2962 1539 2996 nunquam
1552 2949 1617 2984 satis
1630 2947 1765 2982 laudatus
1788 2946 1947 2986 Aluredus,
1965 2963 2077 2994 Aluredi
2096 2971 2173 2991 enco-

1198 3001 1268 3034 Rex
1285 3000 1359 3033 item
1374 2998 1569 3032 occiduorum
1587 2999 1766 3039 Saxonum,
1790 2995 1838 3029 red
1866 2993 1947 3040 cujus
1963 3004 2059 3033 mium,

1198 3047 1292 3096 Angli
1308 3060 1412 3082 omnes
1429 3051 1461 3081 &
1474 3048 1606 3081 Saxones
1622 3045 1791 3079 voluntarie
1810 3044 1838 3077 se
1851 3042 1946 3076 domi-

1198 3099 1250 3131 nio
1266 3095 1610 3143 subdidere‚juravitque
1621 3096 1653 3129 in
1665 3094 1758 3128 verba
1767 3091 1946 3125 Guthurnus

1200 3148 1270 3180 Rex
1283 3146 1427 3187 Danicus,
1444 3143 1588 3178 fidelitate
1613 3143 1765 3188 suscipiens
1785 3136 1946 3192 Orientali-

1197 3208 1252 3229 um
1267 3194 1441 3240 Anglorurn
1450 3196 1482 3227 ὃ(
1495 3191 1777 3238 Northymbrorum
1796 3196 1945 3231 provinci-

1197 3256 1237 3276 as.
1247 3244 1309 3277 Hic
1320 3242 1480 3288 recognitis
1499 3238 1674 3277 Ethelberti‚
1682 3237 1755 3274 Inae,
1763 3242 1853 3280 atque
1861 3230 1945 3267 Offae

1197 3291 1325 3337 legibus,
1331 3289 1459 3337 dignum
1475 3285 1615 3336 quicquid
1632 3281 1849 3336 (praetermiiiis
1861 3279 1944 3324 aliis)

1197 3340 1227 3372 in
1240 3340 1302 3372 suas
1318 3336 1512 3383 transcripfit:
1537 3331 1683 3376 &Anglis
1694 3331 1716 3375 (
1729 3343 1790 3377 quo
1797 3342 1863 3377 jam
1874 3339 1943 3363 tum

1196 3388 1321 3420 nomine
1339 3385 1567 3420 continebantur
1579 3381 1712 3414 Saxones
1734 3382 1765 3413 ὃ(
1779 3378 1862 3423 juti)
1878 3388 1944 3410 om-

1197 3434 1284 3469 nibus
1301 3433 1441 3478 imposuit
1459 3427 1665 3477 perferendas:
1692 3425 1764 3462 ficut
1789 3424 1946 3506 doceatblei—

1933 3484 1947 3505 Υ
