2305 3809
262 346 342 396 60
915 314 1125 380 Henrici
1171 316 1211 375 S
1206 308 1448 398 polmunm'

187 398 2169 434 *vs—w

643 493 665 541 ff
690 503 733 528 De
759 498 909 526 Baneretto.

455 594 477 642 ff
502 596 680 632 Boumatos
691 617 701 630 ,
738 589 787 622 stu
820 581 919 620 Miles
946 580 1127 634 Banerettus
1138 601 1150 620 ‚

409 646 445 679 al.
465 645 669 680 Bennerettus.
692 636 709 682 ]
753 633 898 670 Medium
935 629 1031 664 tenuit
1074 636 1152 660 mter

410 697 568 731 Baronem,
598 687 769 733 &reliquos
786 683 928 729 Equites:
953 677 1051 711 dietus
1070 672 1153 722 quafi

408 743 571 774 Vexillarius
586 742 684 777 minor,
702 744 736 767 ut
753 731 792 767 fic
809 729 828 765 a
846 728 957 775 majore
971 725 1069 780 distet,
1095 724 1153 779 hoc

411 788 465 829 est,
488 786 512 820 a*
521 788 649 826 Barone,
657 783 706 818 cui
718 780 837 828 proprie
846 776 990 824 competit
997 787 1045 821 Jus
1054 771 1154 806 vexssli

411 835 423 880 (
435 836 491 870 scil.
510 833 648 881 quadrati
660 833 671 870 )
684 843 722 865 ex
734 842 796 876 quo
811 832 842 862 &
857 827 915 873 ipse
924 820 1155 864 Banderifinsssu

413 883 679 925 Barmcfius.Germ.
697 878 902 920 ffiausstlsstt,
924 870 1007 920 quasl
1034 872 1156 904 Vexillu-

412 948 468 966 rzus
486 931 669 977 simpliciter,
681 925 855 973 appellatur.
879 924 998 960 ffiautt
1008 920 1089 954 enim
1106 917 1156 951 seu

414 989 525 1025 pauet,
537 983 568 1013 δε
586 979 675 1020 salja,
692 974 839 1008 vexillum
857 971 976 1005 sonant:
1002 970 1087 1011 henr,
1104 965 1158 999 do-

413 1029 544 1070 minum,
561 1023 758 1073 possessbrem.
782 1020 851 1056 Pari
860 1017 1056 1053 distinctionis
1069 1015 1158 1049 intui-

187 1069 205 1088 *
218 1068 341 1097 Dominus
353 1065 400 1102 ἄρ’
415 1088 448 1110 tu
472 1076 541 1110 alins
553 1075 659 1109 dicitur
672 1078 842 1110 Baronettus,
864 1065 947 1115 quasi
965 1069 1037 1098 Baro
1054 1070 1159 1098 minor:

186 1108 215 1135 de
225 1110 248 1135 C
251 1105 378 1136 rombwell
451 1103 459 1118 ²
659 1122 665 1129 .
754 1121 760 1127 .
833 1118 839 1124 .
941 1115 948 1121 .
1138 1112 1145 1118 .

187 1150 335 1175 Baneretrus
343 1145 372 1172 ix
385 1144 403 1172 χ.
417 1139 485 1173 quae
502 1138 565 1158 vox
576 1122 681 1157 nostr1s
699 1117 897 1167 Scriptoribus
909 1114 983 1148 ohm
996 1111 1160 1160 frequenti-

183 1193 228 1222 per
247 1194 331 1213 manus
348 1166 402 1212 Do·
417 1187 476 1216 or·⁷
499 1184 532 1207 ut
549 1171 645 1206 Gallis
656 1170 756 1204 altera.
804 1167 957 1201 Neutram
976 1172 1080 1196 tamen
1088 1171 1159 1195 ante

188 1225 251 1253 mini
268 1225 324 1260 Rl's·
419 1221 573 1255 Edouardi
589 1234 619 1254 2.
642 1229 763 1253 aetatem
786 1214 898 1261 reperi:
921 1210 980 1245 Sed
1000 1211 1029 1244 in
1047 1208 1160 1244 *Pelle

188 1259 402 1308 “'YOWbYWHfYa‘
418 1271 526 1311 exitus,
542 1269 611 1303 anni
625 1267 756 1314 ejusdem
775 1265 804 1299 8.
836 1265 970 1303 Johannes
998 1262 1030 1293 de
1052 1260 1161 1293 Cromb-

186 1308 234 1332 ms
247 1301 300 1338 ful·
419 1323 480 1353 well
498 1323 657 1352 Banerettus
673 1315 814 1349 scribitur.

468 1367 553 1412 Signi
571 1364 646 1399 vero
657 1364 707 1398 feu
724 1361 828 1396 vexilli
839 1358 966 1406 gestatio
975 1358 1052 1391 inter
1064 1355 1164 1389 homi-

419 1428 470 1449 nes
480 1415 621 1448 militares
639 1412 715 1446 adeo
724 1409 884 1457 aliquando
896 1406 1063 1442 habebatur
1072 1404 1164 1451 glori-

419 1464 514 1504 ofiun,
537 1473 571 1496 ut
598 1461 805 1506 Hieronymus
826 1457 948 1491 Blancas
966 1455 998 1489 in
1021 1453 1100 1487 Hist.
1119 1464 1163 1486 re—

420 1525 489 1545 rum
511 1510 663 1556 Hispania
699 1506 861 1542 contendat
879 1505 1015 1549 antiquos
1040 1503 1165 1548 Suprar-

419 1558 566 1592 bienfium
581 1559 682 1601 Reges
704 1556 777 1588 alios
794 1567 857 1587 non
865 1550 950 1585 fuifl'e
959 1549 1052 1596 quam
1075 1549 1165 1594 figni-

422 1605 502 1640 feros
512 1605 659 1639 duum-es.
684 1602 832 1648 Imagines
843 1599 912 1633 ideo
921 1596 1081 1644 equestres,
1093 1606 1166 1641 quas

425 1656 456 1688 in
476 1655 639 1700 priscorum
649 1651 747 1696 figillis
755 1649 904 1687 videmus,
929 1642 1102 1678 vexilliferis
1113 1643 1166 1677 ha-

423 1702 472 1737 stis
485 1701 623 1747 infignes,
645 1709 782 1745 proceres
811 1695 914 1728 censeo
931 1692 1075 1726 denotare
1094 1705 1100 1724 :
1118 1700 1166 1724 ut-

422 1751 494 1797 pote
503 1750 556 1796 qui
573 1747 702 1783 subditos
725 1746 800 1786 suos,
823 1744 875 1777 suo
893 1740 1061 1776 evocabant
1072 1738 1167 1773 vexil-

422 1801 463 1841 lo,
486 1797 658 1844 praediaque
677 1798 709 1828 ὃ(
728 1793 900 1838 dignitates,
922 1788 1063 1836 porresta
1084 1786 1168 1822 hasta

422 1846 594 1891 vexilloque
615 1840 792 1888 accepissent·
817 1838 835 1873 a
854 1841 954 1884 Rege,
976 1850 1015 1871 ex
1037 1849 1112 1883 quo,
1134 1839 1166 1870 &

424 1905 562 1929 veterum
594 1894 750 1926 Saxonum
776 1887 926 1922 vocabulo
972 1884 1167 1933 panenlehen

424 1942 619 1990 appellanttm

472 1996 616 2025 Baneretto
634 1997 737 2022 autem
749 1986 799 2020 seu
810 1983 966 2018 vexillario
977 1982 1082 2028 Equiti
1095 1980 1168 2029 (qui

424 2038 494 2073 alias
511 2039 619 2072 dicitur
636 2043 720 2070 Homo
738 2037 776 2068 ad
789 2030 946 2075 vexillum)
969 2031 999 2064 in
1019 2030 1167 2076 dignitate

423 2088 478 2129 est,
501 2098 535 2120 ut
553 2087 604 2121 [uo
616 2086 644 2119 se
661 2084 740 2118 sistat
757 2081 880 2122 vexillo,
897 2080 972 2113 dum
989 2078 1170 2113 Bachilarius

424 2137 557 2171 alienum
581 2134 728 2180 stquitur:
767 2129 850 2177 quod
863 2139 965 2163 tamen
987 2127 1169 2162 inhonorum

425 2198 486 2218 non
506 2183 653 2223 videatur,
677 2180 748 2214 cum
781 2177 995 2213 Maximiliano
1026 2175 1171 2222 placuerit

426 2231 615 2278 Imperatori,
642 2230 695 2263 sub
712 2227 823 2262 vexillo
847 2225 956 2260 mereri
973 2225 1102 2258 Hem-ici
1118 2224 1172 2257 viii

425 2281 521 2326 Regis
544 2278 673 2325 Angliae.
721 2275 780 2310 Sed
794 2274 929 2321 oportuit
942 2271 1058 2306 interea
1067 2283 1102 2306 ut
1114 2276 1171 2306 Ba·

424 2341 542 2363 nercttus
560 2326 731 2362 clientelam
750 2323 874 2359 haberet
891 2322 930 2356 ad
956 2332 1089 2355 turmam
1108 2321 1171 2355 ido-

425 2390 537 2420 neam,
560 2376 704 2424 alioquin,
716 2387 778 2408 non
805 2373 833 2406 ei
855 2370 953 2406 fuerat
974 2369 1075 2404 vexilli
1097 2370 1171 2404 ustis.

424 2424 699 2466 Qiemadmodum
719 2424 819 2469 itaque
845 2421 921 2454 inter
943 2421 1072 2453 Barones
1089 2418 1171 2453 haud

429 2474 644 2513 aestimabatur,
656 2472 705 2504 cui
722 2484 783 2504 non
797 2468 890 2504 effent
907 2468 986 2502 ultra
1006 2481 1046 2513 13
1068 2466 1171 2502 feoda-

427 2521 468 2556 les
486 2522 594 2555 milites
608 2535 614 2554 :
639 2519 752 2561 fic,nec
765 2524 926 2552 Banerettus
939 2515 1172 2558 constituendus,

428 2570 478 2604 cui
497 2568 574 2603 infra
591 2569 704 2603 decem.
719 2567 853 2602 Turmae
870 2577 1032 2599 numerum
1055 2566 1172 2611 respex-

428 2617 478 2652 ifl'e
490 2617 630 2652 videntur
638 2616 726 2662 juxta
738 2615 769 2649 id
787 2614 912 2660 Virgilii
923 2615 997 2648 AEn.
1019 2625 1050 2659 5.

426 2720 501 2748 Trez's
512 2720 631 2760 equitum
644 2727 750 2747 numero
772 2724 877 2753 turmae,
899 2716 1019 2756 ternique
1037 2722 1170 2756 vagantur

426 2768 562 2805 Duriores,
578 2769 658 2810 pueri
675 2762 717 2796 bis
726 2763 786 2803 seni
804 2773 933 2806 quemque
943 2761 1039 2800 secuti.

479 2860 637 2907 Creandos
653 2868 755 2893 autem
765 2862 919 2892 Banerettos
932 2854 1042 2897 ferunt,
1052 2868 1112 2891 non
1125 2857 1169 2890 ni-

429 2908 450 2941 s1
460 2910 489 2942 in
509 2909 641 2943 exercitu
650 2908 762 2953 Regio,
777 2905 949 2951 ere&ojam
959 2905 1061 2951 Regni
1071 2904 1170 2938 Laba-

428 2969 475 2996 r0‚
498 2957 580 3001 quod
589 2956 783 2990 standardum
796 2964 914 2988 vocant.
961 2953 997 2988 T
999 2965 1057 2986 unc
1076 2954 1169 3000 Regi,

428 3004 536 3037 bellive
555 3005 731 3050 Imperatori
745 3004 811 3038 loco
823 3003 980 3050 gramineo
998 3001 1170 3043 constituto,

428 3052 621 3085 candidatum
640 3050 737 3084 efferri
756 3053 862 3085 volunt
888 3050 906 3085 a
917 3051 1034 3084 duobus
1054 3051 1170 3096 Equiti-

204 3118 223 3136 *
238 3114 415 3146 3'C3udatum
430 3099 495 3140 bus,
518 3099 662 3133 vexillum
672 3099 909 3145 (praecinentibus
917 3097 1068 3142 buccinis)
1087 3099 1106 3116 *¹
1119 3111 1171 3145 pe-

205 3156 285 3185 instar
295 3155 418 3184 draconis
432 3149 528 3181 nitum
539 3158 694 3193 gerentem
702 3147 756 3180 suis
768 3146 858 3179 armis
873 3145 987 3191 insigne
1005 3151 1036 3179 ὃς
1046 3148 1171 3193 compli-

204 3205 237 3223 (Ἢ
248 3204 304 3240 quo
312 3198 337 3223 &
348 3198 406 3238 Πῖιξ
433 3207 533 3230 catum
548 3210 554 3228 ;
568 3194 707 3242 faustaque
717 3195 754 3228 ab
765 3194 826 3240 ipso
839 3193 1123 3239 p1·0testatione,fi1tis
1136 3194 1171 3227 s1-

204 3244 331 3301 2⁰n²⁷¹x¹f17¹
355 3235 418 3262 ‘¹¹⁶¹'
434 3245 464 3278 bi
482 3243 538 3278 effe
547 3245 579 3277 in
591 3243 842 3289 patrimonio,qu0
852 3251 966 3274 tantam
979 3251 1097 3274 tueatur
1105 3240 1171 3286 dig-

203 3282 294 3340 iiilcrflla
315 3279 419 3348 liiceigg:
435 3294 579 3335 nitatem3
602 3292 671 3325 Rex
685 3290 733 3323 vel
752 3290 821 3323 belli
842 3292 1007 3336 Imperator
1025 3288 1171 3323 vexillum

204 3359 258 3387 pro
270 3351 384 3385 vexillo,
414 3332 419 3343 )
435 3343 572 3389 explicat,
588 3339 767 3387 praecisoque
781 3337 910 3382 ejusdem
930 3350 1018 3378 con0,
1035 3337 1084 3370 seu
1102 3349 1171 3370 acu-

207 3389 249 3416 st'd
273 3388 381 3432 PsPPsse
433 3388 680 3431 mine,candidato
691 3385 938 3431 ti-aditjubenaut
946 3385 1082 3418 ereetum
1094 3383 1172 3418 ferat

206 3435 315 3456 mmffl'
430 3436 646 3485 auspicate‘Sed
660 3437 689 3470 in
703 3434 866 3469 Feci-alium
884 3434 1050 3474 naevis‚n0n
1057 3433 1171 3466 haerent

1197 431 1332 469 Monsieur
1353 431 1466 462 Thomas
1494 432 1589 460 Trivet
1616 437 1725 472 apporta
1741 425 1776 467 fit
1811 427 1939 460 banniere

1198 486 1269 507 toute
1292 479 1426 521 enveloppe
1446 479 1546 509 devant
1575 478 1599 508 le
1617 480 1729 509 Comitie
1747 477 1779 508 de
1798 477 1941 519 Bucquen-

1199 525 1274 563 ham,
1297 519 1331 555 &
1353 526 1393 561 luy
1418 527 1446 556 di
1470 549 1480 565 ,
1528 524 1723 570 Monfizgnem,
1733 526 1768 566 fil
1780 537 1842 555 vous
1851 526 1943 568 plazst,

1199 577 1226 604 z'e
1244 571 1433 615 defizelopperay
1451 574 1607 614 aujourdhui
1632 586 1678 606 ma
1691 573 1808 613 baniere,
1820 585 1866 604 car
1882 574 1945 604 dieu

1201 633 1284 659 merny
1298 616 1350 658 t'ay
1372 619 1438 660 affis
1450 620 1482 651 de
1493 632 1604 653 revenue
1615 632 1683 666 pour
1700 626 1847 654 maintenir
1864 623 1945 662 estate

1201 681 1272 701 come
1286 666 1304 699 ax
1321 669 1349 699 la
1361 667 1468 699 baniere
1486 673 1634 712 apperteint
1651 682 1658 701 :
1681 672 1704 702 il
1725 683 1788 702 nous
1801 672 1883 714 plaist
1905 669 1948 702 bi,-

1202 730 1246 757 en,
1263 711 1394 761 respondit
1410 718 1435 748 le
1452 721 1563 757 comte,
1574 712 1631 748 &a
1679 716 1780 750 Simile
1791 717 1872 751 idem
1884 718 1948 750 Au-

1204 764 1273 798 thor
1292 763 1330 797 de
1348 762 1563 797 bellicosiffimo
1577 762 1689 810 Equite
1697 763 1833 807 Johanne
1845 764 1949 799 Chan-

1204 812 1270 855 dos,
1279 813 1328 846 cui
1340 815 1352 854 (
1361 811 1501 859 praelium
1510 811 1713 858 Hispanicum
1731 811 1854 854 inituro,
1865 815 1896 846 &
1914 823 1950 847 ut

1205 861 1292 908 supra
1304 858 1439 907 petenti)
1457 859 1635 895 Edouardus
1655 859 1796 905 Princeps
1821 859 1948 895 Waniae

1205 908 1434 957 (adjunctusque
1443 910 1548 943 Petrus
1561 910 1632 943 Rex
1643 905 1791 949 Castiliae)
1802 906 1949 942 vexillum

1206 956 1390 1004 explicatum
1408 957 1575 999 reddidere,
1596 960 1653 991 &o
1688 956 1903 991 Ceremoniam
1921 968 1952 989 e-

1207 1007 1282 1040 tiam
1299 1006 1406 1040 leviter
1422 1003 1623 1053 perstrinxisse
1639 1003 1759 1038 videtur
1773 1004 1901 1039 Carolus
1914 1006 1954 1038 vi.

1207 1057 1277 1089 Rex
1290 1054 1436 1096 Franciae,
1445 1054 1536 1101 quiin
1548 1052 1701 1088 obfidione
1718 1056 1750 1086 de
1763 1057 1880 1099 Bourges
1888 1065 1952 1087 cre·
2117 1092 2119 1095 .

1208 1104 1273 1138 avit
1282 1102 1362 1138 ultra
1375 1104 1460 1138 600.
1508 1106 1680 1136 Benerettos:
1704 1100 1760 1146 (ut
1777 1100 1869 1135 refert
1881 1103 1953 1136 Ber·
1965 1099 2118 1126 Emesam-⁹·

1214 1152 1333 1187 haultus
1351 1150 1364 1195 )
1387 1150 1436 1186 sed
1448 1150 1607 1198 prostituta
1619 1149 1748 1184 nimium
1764 1149 1878 1184 interea
1895 1150 1953 1186 hac

1210 1200 1366 1247 dignitate.

1253 1249 1381 1293 Johann.
1398 1249 1589 1295 Gregorium
1601 1245 1813 1282 Tholoffinum
1833 1245 1846 1289 (
1860 1258 1953 1293 quem

1211 1297 1283 1332 citat
1312 1297 1465 1332 Cowellus
1480 1296 1493 1340 )
1516 1296 1587 1330 audi
1604 1296 1643 1330 de
1660 1294 1783 1329 Gallicis
1801 1298 1956 1328 Bana-ems

1212 1344 1251 1380 fic
1264 1356 1418 1392 agentem,
1436 1345 1486 1379 lib.
1507 1345 1539 1379 6.
1556 1357 1619 1392 cap.
1639 1358 1671 1391 9.
1688 1344 1729 1378 sui
1742 1344 1959 1389 Syntagmatis,

1211 1407 1262 1428 nu.
1282 1408 1314 1442 9.
1337 1403 1369 1428 In
1386 1397 1477 1428 Gallia
1481 1394 1547 1436 fiant
1564 1396 1621 1427 duae
1637 1395 1738 1439 species
1755 1393 1847 1435 affines
1858 1393 1955 1424 nobili-

1212 1457 1259 1476 um
1276 1443 1311 1478 &
1318 1445 1472 1484 feudorum,
1496 1455 1562 1487 quas
1578 1444 1670 1475 dicunt
1687 1444 1719 1474 de
1737 1445 1898 1485 Bennereq,
1920 1438 1957 1473 ὅ

1213 1495 1323 1525 Barons.
1334 1495 1509 1525 Bennerettus
1513 1495 1576 1534 jure
1581 1492 1637 1531 siue
1644 1493 1799 1536 dignitatis,
1811 1501 1957 1534 antequam

1214 1543 1278 1573 talis
1294 1543 1350 1573 dici
1367 1550 1511 1581 mereatur,
1533 1539 1629 1572 nobilis
1645 1541 1695 1582 ff
1718 1539 1794 1572 debet
1811 1551 1908 1584 genere
1925 1543 1957 1569 in

1214 1599 1308 1630 quarto
1325 1591 1425 1632 gradu,
1435 1590 1562 1632 poffidens
1584 1593 1614 1620 in
1626 1589 1726 1620 ditione
1742 1589 1831 1619 decem
1839 1588 1960 1626 scutari-

1214 1647 1242 1666 os
1255 1636 1428 1667 Bachalarios
1448 1648 1595 1675 armorum,
1611 1638 1643 1668 id
1657 1638 1707 1677 est,
1722 1636 1812 1668 decem
1828 1636 1960 1676 vaffiillos,
1972 1638 2114 1671 Bacbalan'i
2124 1649 2166 1670 are

1215 1683 1312 1713 habens
1324 1683 1458 1724 ffifficiem
1472 1687 1681 1727 patrimonium,
1710 1694 1761 1727 quo
1781 1686 1858 1727 poffit
1866 1685 1960 1722 ficum
1971 1688 2074 1709 mrum·

1215 1731 1307 1762 (uicere
1327 1740 1439 1773 quatuor
1450 1740 1499 1761 aut
1515 1736 1632 1774 quinque
1648 1731 1746 1762 nobiles
1754 1735 1863 1764 comites
1876 1737 1960 1765 conti—

1215 1790 1288 1819 nuos,
1310 1791 1370 1810 cum
1391 1777 1524 1822 equitibus
1557 1789 1601 1811 12
1622 1788 1670 1810 aut
1704 1778 1761 1811 16.
1805 1784 1853 1811 Fit
1869 1791 1962 1819 autem

1215 1829 1402 1866 Bennerettus,
1437 1839 1498 1859 cum
1525 1831 1652 1871 Princeps
1678 1827 1824 1868 hujusmodi
1846 1829 1961 1872 perstante

1216 1877 1333 1908 concedit
1351 1877 1450 1907 vexilli
1462 1888 1520 1917 Jus,
1544 1873 1579 1908 &¹
1600 1888 1638 1907 ex
1663 1877 1762 1906 vexillo
1782 1877 1905 1918 peditum
1928 1882 1961 1909 in

1217 1927 1286 1964 acie,
1297 1926 1341 1956 vel
1347 1934 1440 1964 extra,
1456 1924 1499 1955 die
1504 1922 1619 1963 solenni,
1623 1923 1713 1963 sacris
1719 1926 1848 1967 perustis,
1860 1925 1962 1956 adimit

1217 1977 1350 2005 acumina.
1398 1975 1498 2004 Vocant
1508 1974 1537 2003 la
1548 1983 1617 2016 quue
1629 1973 1661 2003 de
1671 1974 1870 2016 pennonffitque
1888 1973 1962 2006 laba-

1217 2033 1289 2060 rum,
1300 2022 1332 2053 id
1347 2022 1394 2063 est,
1405 2025 1526 2064 equitum
1543 2022 1688 2060 vexillum,
1704 2032 1798 2052 vocant
1818 2030 1964 2062 cornette‚

1217 2080 1328 2113 eumque
1341 2073 1469 2113 Equitem
1478 2070 1588 2109 fitcitfi
1594 2071 1661 2111 jam
1676 2081 1727 2100 non
1743 2071 1789 2111 est.
1837 2068 1927 2112 Qud
1933 2073 1966 2109 fi

1218 2119 1303 2150 ditior
1313 2119 1354 2150 lois
1361 2119 1416 2157 fiat
1428 2120 1596 2157 Benerettus,
1614 2116 1649 2151 &³
1661 2117 1740 2150 habet
1756 2130 1839 2150 unam
1857 2121 1962 2151 Benne-

1218 2177 1330 2207 rettam,
1352 2177 1400 2198 aut
1408 2167 1464 2206 Jex
1481 2171 1595 2211 Equites
1609 2168 1792 2206 Bachalarios,
1814 2172 1862 2211 qui
1882 2170 1962 2210 poff-

1219 2216 1300 2246 deant
1308 2218 1410 2259 singuli
1428 2219 1458 2246 in
1480 2215 1582 2255 censum
1586 2216 1729 2255 fi’xcentas
1748 2215 1831 2247 libras
1848 2227 1885 2248 ex
1905 2229 1962 2258 ejus

1219 2265 1329 2305 ditione,
1343 2265 1393 2303 seu
1406 2265 1499 2305 ftudo,
1522 2275 1585 2296 tunc
1587 2263 1691 2309 possunt
1703 2277 1740 2296 ex
1757 2266 1867 2296 licentia
1880 2268 1964 2296 Prin-

1219 2317 1297 2357 cipis,
1320 2315 1433 2345 Baronis
1452 2325 1546 2344 nomen
1554 2313 1610 2353 fibi
1627 2313 1762 2353 adsciscere
1775 2327 1785 2343 .·
1809 2312 1888 2345 Haec
1906 2311 1965 2346 ille.

1220 2360 1352 2406 Percipit
1369 2370 1472 2394 autem
1489 2361 1521 2394 in
1539 2360 1645 2394 militia
1675 2364 1835 2394 Banerettus
1851 2359 1965 2406 duplex

1219 2407 1401 2454 stipendium
1419 2408 1501 2456 quod
1526 2408 1731 2451 Bachilarius3
1761 2418 1852 2454 atque
1878 2408 1962 2443 idem

1219 2456 1331 2503 duplex
1355 2459 1438 2503 quod
1457 2456 1620 2503 Armiger:
1653 2466 1688 2490 ut
1704 2456 1771 2490 loco
1794 2469 1856 2502 quo
1874 2455 1961 2502 supra

1218 2505 1310 2539 refert
1327 2504 1512 2540 Berhaultus.

1268 2553 1327 2588 Sed
1341 2553 1467 2588 demum
1484 2553 1617 2596 obsecro,
1639 2551 1720 2587 unde
1737 2551 1811 2586 tanti
1821 2551 1914 2586 hodie
1928 2551 1962 2586 fi—

1219 2613 1274 2637 unt
1287 2603 1432 2651 quadrata
1450 2601 1580 2637 vexilla?
1604 2615 1676 2637 narn
1693 2602 1794 2648 penita
1811 2600 1886 2635 olim
1899 2613 1963 2635 ma-

1219 2652 1265 2697 gis
1283 2650 1571 2698 placuere,belloque
1579 2651 1695 2698 aptiora
1711 2650 1771 2685 visa
1779 2649 1845 2684 sunt
1854 2649 1895 2683 ob
1903 2659 1962 2684 ter-

1219 2712 1338 2734 rorem:
1357 2710 1463 2747 utpote
1490 2701 1574 2748 quod
1592 2700 1734 2735 dracones
1750 2699 1962 2745 exprimerent,

1217 2752 1361 2783 caudarum
1369 2752 1505 2783 volumina
1516 2752 1691 2795 relinquentes
1702 2754 1733 2782 in
1749 2759 1867 2781 ventum.
1885 2747 1964 2781 Utor

1219 2798 1376 2833 Ammiani
1412 2798 1531 2832 verbis:
1579 2811 1652 2832 nam
1681 2794 1861 2840 &cedulae
1885 2796 1961 2837 φλοί-

1218 2859 1310 2888 μκλαι,
1332 2847 1363 2880 id
1385 2846 1448 2887 est,
1481 2849 1636 2880 draconaria
1652 2845 1822 2891 hujusmodi
1840 2848 1957 2887 vexilla,
1970 2855 2128 2885 Draconarfa

1219 2896 1309 2929 Dacis
1328 2898 1360 2929 &
1378 2894 1495 2941 Scythis
1510 2895 1584 2929 olim
1601 2896 1633 2930 in
1653 2895 1706 2929 usti
1723 2905 1825 2928 erant:
1850 2897 1883 2928 ὅ(
1904 2893 1959 2927 de·
1970 2896 2080 2930 vexilla,
2093 2893 2137 2928 seu

1218 2943 1307 2978 vietis
1324 2944 1425 2986 Dacis,
1442 2955 1478 2977 ea
1486 2944 1562 2978 inter
1573 2942 1659 2990 signa
1672 2944 1795 2990 Imperii
1807 2933 2084 2976 constituitflam¹‘l·‘·

1218 2991 1381 3038 Trajanus,
1390 2992 1551 3039 filscipique
1561 2993 1630 3027 inde
1643 2993 1784 3026 videntur
1791 2991 1823 3025 in
1836 2990 1961 3025 Ecclefi-

1219 3053 1278 3075 am.
1325 3044 1438 3078 Forma
1448 3052 1551 3076 autern
1563 3041 1742 3088 plerumque
1752 3040 1888 3084 bilingui;
1900 3051 1961 3085 qua

1220 3090 1360 3125 Proceres
1373 3092 1465 3126 etiam
1482 3090 1647 3124 Ecclefiam
1656 3091 1813 3127 imitantes,
1830 3087 1962 3121 tenacius

1220 3137 1264 3172 us1
1281 3138 1346 3173 sunt
1358 3140 1397 3174 ab
1407 3137 1646 3187 antiquossaltem
1658 3138 1690 3168 in
1699 3134 1806 3167 militia
1818 3134 1961 3181 equestri)

1220 3197 1255 3220 ut
1268 3186 1285 3220 ὲ
1295 3188 1395 3235 figillis
1403 3188 1556 3235 liqueat,&
1565 3197 1604 3218 ex
1622 3182 1752 3229 e0,quod
1761 3181 1799 3216 de
1808 3184 1961 3218 Boamun-

1220 3234 1261 3266 do
1283 3238 1422 3283 Principe
1447 3233 1537 3270 refert
1567 3229 1834 3267 Huntindonienfis
1851 3234 1882 3266 in
1900 3235 1960 3268 An.

1227 3284 1333 3330 1096.
1355 3290 1461 3330 Semper
1487 3289 1598 3329 Lingua:
1616 3283 1714 3314 vexilli
1736 3284 1790 3324 ejus
1810 3283 1960 3316 volitabant

1211 3332 1290 3378 super
1307 3340 1397 3379 capita
1428 3339 1575 3369 Turcorum.
1610 3327 1774 3376 Postquam
1799 3329 1891 3365 etiam
1909 3330 1960 3376 jus

1220 3382 1324 3416 vexilli
1341 3382 1479 3430 quadrati
1496 3377 1665 3424 consequuti
1683 3375 1774 3411 effent
1796 3382 1936 3413 Baneretti
1949 3392 1957 3413 z

1220 3429 1416 3464 distinctionis
1433 3426 1542 3474 gratia,
1566 3428 1697 3461 Barones
1711 3425 1839 3472 lingulas
1860 3426 1958 3473 (quas

433 3488 594 3533 Principes,
617 3497 681 3519 rem
706 3482 878 3517 succinentis
892 3482 1068 3528 plerumque
1087 3493 1171 3527 pera·
1213 3490 1332 3523 pennons
1349 3477 1483 3515 vocant)
1506 3475 1657 3523 quadratis
1671 3475 1726 3509 suis
1744 3475 1959 3521 appingebant,

435 3546 546 3581 gentes.
594 3532 729 3570 Froisard
746 3532 777 3583 in
795 3530 947 3568 obsidione
963 3530 1002 3567 de
1013 3535 1109 3579 {Croysg
1132 3534 1176 3577 ,Eis

1219 3539 1324 3564 earum
1337 3526 1426 3565 instar
1439 3537 1512 3574 quas
1530 3525 1561 3561 in
1578 3529 1615 3573 (⁸⁵.
1631 3530 1764 3572 §omenes
1778 3527 1808 3571 de
1826 3528 1958 3559 cavalerie

1893 3576 1903 3611 (
1924 3582 1958 3606 ut
