2305 3809
287 283 399 363 318

1251 441 1363 483 paribus
1380 447 1463 475 curtis
1474 446 1534 483 five
1551 449 1582 477 in
1599 444 1676 477 brevi
1699 447 1793 487 testato
1806 469 1817 486 ,
1854 448 1921 481 reae*
1938 461 1998 480 eum
2051 457 2053 460 ⁴

235 510 265 536 V
262 508 353 537 adium.

233 547 356 577 Wadium.

232 586 329 615 wadia.

229 2099 332 2126 Donum
341 2097 414 2129 inve-

224 2136 338 2169 stiturae.

958 260 1170 331 Henr'irz'
1208 265 1487 351 spelmanni
1503 309 1505 314 -

469 466 498 498 3.
510 464 558 485 ca.
571 451 776 489 22.·——fi
795 449 912 481 redditus
920 445 983 484 ficos
1000 453 1063 475 ante
1080 442 1206 474 invadia-

466 505 547 534 verit.
570 501 683 532 Vadium
697 522 707 538 ,
725 494 794 529 alias
811 495 944 527 Wzdium
957 517 967 533 ,
993 487 1206 536 Longobardis

465 549 590 590 Wuiia3
607 547 727 593 pignus,
750 540 899 588 fideJusiiO.
930 538 1004 573 Inde
1021 541 1146 579 vadiare,
1163 543 1207 571 in-

467 597 587 637 radiare,
604 595 775 635 convadsare,
786 592 938 630 revadiare,
955 586 985 622 id
995 585 1037 621 est
1044 612 1056 629 ,
1065 586 1206 633 repigno-

467 655 532 677 rare
546 667 556 683 ‚
598 643 645 677 seu
662 639 680 673 ὲ
703 638 793 672 vadio
811 636 986 682 recolligere
1005 649 1016 680 3
1030 637 1205 677 fiibvadiare,

466 693 485 725 i.
508 690 574 737 post
604 688 653 723 vel
683 687 808 722 latenter
835 685 969 720 vadiare.
1017 684 1099 719 Vide
1117 691 1205 718 Inma-

464 742 547 772 diare.

513 789 649 820 Mulflam
666 788 788 827 vadiare,
812 784 1013 818 Hotomanno
1030 778 1073 814 est
1089 779 1205 826 obliga-

464 846 497 868 re
515 833 588 868 dato
614 835 740 880 pignore
753 847 760 866 :
802 833 878 867 mihi
914 829 1042 877 amplius
1055 828 1184 863 videtur
1195 855 1206 872 ,

464 882 521 916 stil.
549 883 588 917 ad
605 883 732 930 pactum
749 894 823 916 cum
840 879 957 915 mulcta
973 877 1114 924 obligari,
1131 876 1205 912 dato

463 931 600 977 pignore.
1081 942 1088 945 ·
1101 938 1104 940 “

514 984 658 1014 Hominem
670 981 793 1021 vadiare,
809 976 852 1012 est
866 973 1067 1027 fidejufforffl
1079 973 1130 1009 vei
1141 973 1206 1008 ‘ob-

465 1025 558 1062 fidem
566 1028 648 1062 dare.
987 1050 990 1052 -
1122 1046 1124 1048 -

513 1080 682 1117 Ιηυαᾰῑαιω,
705 1088 762 1122 pro
778 1076 916 1116 absolutus.
950 1070 1089 1119 Ingulfus
1113 1072 1205 1106 Saxo.

464 1124 543 1159 Hist.
557 1124 664 1170 Croyl.
697 1129 744 1157 Ut
763 1125 894 1170 fiespeHus
910 1125 941 1155 de
957 1125 1045 1168 aliquo
1067 1125 1205 1155 latrocinio

458 1183 509 1218 per
520 1176 599 1215 fitam
615 1178 773 1207 Centuriam
786 1176 830 1205 vel
846 1175 1003 1211 Decuriam,
1028 1173 1073 1204 vel
1083 1169 1205 1204 condem'-

463 1235 541 1256 natus
552 1226 595 1256 vel
616 1224 772 1256 invadiams
787 1232 895 1266 pomam
911 1222 1080 1261 demeritam,
1101 1222 1146 1252 vel
1161 1225 1205 1253 in-

462 1283 590 1311 curreret,
606 1273 652 1304 vel
665 1275 774 1303 vitaret.
794 1267 876 1302 Alias
888 1266 1000 1313 legitur
1017 1269 1204 1301 condemnatus

462 1322 508 1351 vel
521 1320 656 1359 alfilutus.
689 1319 759 1363 Ego
775 1326 878 1350 autem
899 1317 1056 1349 invadiaeus
1073 1328 1136 1349 non
1153 1314 1203 1350 hic

465 1367 587 1412 proprie
602 1365 740 1412 intelligo
755 1377 811 1410 pro
823 1365 963 1404 abffilutun
985 1373 1017 1396 at
1034 1363 1203 1409 suspedtum

464 1413 567 1449 vitaffe
580 1426 706 1460 poenam
719 1411 815 1448 modo
832 1409 904 1446 effet
921 1413 1088 1453 invadiatas,
1116 1413 1134 1446 i.
1150 1411 1204 1446 sub

461 1462 562 1497 debita
575 1462 778 1497 fidemiffione.

511 1507 743 1556 JInveftire.]
788 1508 841 1544 Est
865 1508 996 1555 aliquem
1011 1508 1042 1542 in
1065 1507 1203 1552 feodum,

460 1558 622 1606 praedium,
638 1571 761 1600 munus,
772 1557 961 1604 dignitatem,
968 1557 1088 1591 noviter
1101 1558 1203 1604 acqui-

461 1606 515 1642 fita
527 1608 726 1642 intromittere
737 1627 751 1648 -‚
781 1605 832 1641 vel
847 1603 1021 1652 poffeffione
1037 1606 1202 1640 eorundem

459 1655 580 1690 donare.
594 1655 773 1690 Intromiffio
789 1654 844 1689 ista
855 1666 1072 1700 nonnunquam
1092 1654 1202 1688 dicitur

464 1708 694 1747 Investi‘merztztm,
712 1703 759 1738 sed
771 1701 956 1749 frequentius
973 1706 1144 1746 Investstura,
1167 1706 1200 1739 ὅ(

461 1752 505 1786 est
513 1754 646 1800 propria,
659 1752 708 1786 vel
722 1751 895 1798 impropria.

509 1805 668 1844 Investitura
680 1807 789 1847 propria
807 1800 855 1834 seu
872 1814 937 1833 vera
950 1798 1143 1843 dicitur,cum
1155 1813 1200 1835 res

461 1849 522 1894 ipsa
540 1849 690 1884 tradatur:
706 1860 742 1883 ut
759 1846 892 1896 poffeffio
900 1859 989 1882 terrae
1001 1848 1088 1895 super
1105 1849 1198 1894 ipsam

462 1910 573 1932 terram
590 1898 751 1932 traditione
767 1896 867 1944 glebae
886 1896 927 1932 ab
941 1895 1048 1931 eadem
1065 1897 1196 1933 revulsae.

461 1947 570 1994 Angl-:s
581 1952 702 1993 itiner?
715 1950 752 1987 uf
769 1950 872 1986 [eisin.

509 2001 654 2042 Impropria
673 1996 726 2039 est,
750 2009 822 2030 cum
848 1995 892 2028 rei
917 1993 1051 2033 nomine,
1072 1993 1200 2038 symboli

458 2043 614 2091 quidpiam
638 2044 735 2092 (quod
745 2042 782 2077 'in
799 2040 1023 2077 Constitutione
1048 2041 1199 2076 Frederici

459 2093 536 2138 Imp.
548 2092 586 2126 de
614 2096 793 2139 pace‚donum
811 2093 973 2133 investitura
992 2090 1198 2136 nuncupatur)

459 2140 645 2175 investiendo
663 2141 838 2187 porrigitur,
847 2138 893 2172 uti
905 2136 1198 2182 gladius‚hasta‚vex-

459 2189 556 2231 illum,
566 2190 703 2230 annulus,
710 2189 827 2233 sagitta,
844 2185 981 2225 caldaria,
991 2194 1046 2218 aut
1054 2185 1134 2219 aliud
1143 2187 1198 2220 hu-

453 2236 583 2283 jufinodi
609 2251 666 2285 pro
682 2237 768 2271 vario
784 2235 920 2269 locorum
935 2244 1020 2266 more
1033 2246 1043 2276 3
1066 2234 1148 2279 quod
1166 2238 1198 2269 ὃ(

459 2285 669 2327 nostratibus(
680 2285 753 2319 olim
762 2285 794 2318 in
807 2284 862 2318 usu
877 2284 889 2322 )
903 2281 1010 2323 valuit,
1027 2280 1118 2315 hodie
1135 2296 1198 2319 non

461 2335 542 2369 item.
556 2333 695 2381 Ingulfus
710 2333 811 2367 Abbas
828 2329 1035 2377 Croylandiae‚
1075 2336 1196 2373 Confere-

460 2385 557 2417 bantur
574 2390 659 2417 etiam
684 2383 772 2428 prime)
794 2384 880 2415 multa
897 2382 999 2426 praedia
1027 2383 1094 2413 nudo
1111 2383 1198 2424 verbo,

461 2434 555 2478 abstpte
565 2434 664 2478 scripto
676 2435 720 2465 vel
735 2433 850 2472 Charta,
863 2429 970 2462 tantum
984 2431 1086 2462 domini
1095 2432 1199 2475 gladio,

461 2485 506 2513 vel
515 2484 610 2525 galea³
639 2484 684 2514 vel
704 2493 793 2520 cornu,
820 2481 865 2511 vel
876 2489 1000 2511 cratera.-
1023 2476 1059 2513 &
1077 2481 1210 2525 plurima

461 2541 612 2562 tenementa
620 2543 679 2562 cum
697 2532 806 2568 calcari,
818 2541 877 2561 cum
887 2529 1010 2572 singuli,
1035 2539 1096 2560 cum
1112 2541 1197 2562 arcu:

460 2577 496 2613 ἐξ
518 2581 642 2610 nonnulla
658 2592 718 2611 cum
725 2579 839 2621 sagitta.
881 2578 933 2609 Sed
949 2576 1002 2608 haec
1025 2580 1107 2608 initio
1122 2582 1197 2620 regni

453 2627 499 2666 fiii
516 2623 564 2668 (id
576 2624 629 2665 est,
649 2622 914 2667 Normannorum)
926 2623 1109 2668 posterioribus
1121 2628 1197 2658 anmi

460 2676 665 2716 inmuaetatusest
677 2676 726 2716 iste
739 2675 836 2706 modus.
886 2670 997 2711 Reste,
1005 2681 1138 2705 mutatus
1154 2672 1197 2707 est

460 2722 584 2757 omnino
610 2721 659 2755 hic
676 2721 751 2755 ordo
772 2719 873 2767 quoad
895 2716 1076 2753 conferenda
1086 2720 1198 2766 praedia

462 2770 555 2815 libera
569 2787 577 2802 :
601 2769 650 2804 sed
665 2769 766 2817 quoad
787 2768 888 2803 nativa
901 2765 1092 2801 concedenda
1102 2770 1132 2801 in
1141 2769 1197 2804 Ba-

461 2831 570 2853 ronum
583 2818 777 2860 curiis‚adhuc
786 2818 941 2857 retinetur,
949 2825 984 2849 ut
995 2815 1082 2862 supra
1095 2816 1198 2852 videas

461 2867 493 2900 in
502 2871 614 2909 FJstuca.
635 2868 662 2900 F
663 2867 765 2901 eudor.
784 2865 834 2900 lib.
849 2878 880 2899 2.
904 2864 971 2898 Tit.
985 2876 1013 2909 ζ.
1036 2868 1197 2908 Investitura

461 2919 570 2960 quidem
589 2918 694 2962 proprie?
730 2918 832 2950 dicitur
848 2914 959 2959 poffiffio
976 2929 986 2945 .-
1026 2914 1129 2954 abufivo
1149 2928 1197 2948 au-

459 2975 517 2995 tem
532 2967 604 2996 modo
622 2967 722 2998 dicitur
746 2967 906 3006 investitura
917 2987 927 3003 ,
950 2964 1053 3008 quando
1060 2964 1137 3005 hasta
1154 2968 1201 2997 vel

462 3013 539 3043 aliud
561 3024 704 3056 corporeum
735 3012 865 3057 quidlibet
883 3011 1068 3056 porrigitur&
1090 3014 1196 3045 domino

453 3062 484 3099 fi
501 3062 779 3102 investituramfacere
803 3063 922 3093 dicente:
947 3073 1005 3105 quae
1013 3062 1147 3105 fiquidem
1163 3062 1197 3094 ab

462 3109 506 3140 illo
518 3108 570 3144 fiat
586 3113 633 3151 qui
649 3112 715 3140 alios
733 3109 813 3140 habet
828 3108 947 3148 vafflzllos
960 3133 970 3149 ,
984 3108 1084 3148 saltem
1108 3122 1197 3142 coram

462 3154 556 3187 ‹hrobus
568 3168 605 3186 ex
617 3158 672 3188 illzs
675 3158 818 3195 solenniter
829 3158 893 3194 fieri
909 3157 994 3196 debet,
1026 3155 1083 3190 &c-
1121 3157 1198 3191 MOS

464 3201 552 3237 hodie
569 3201 737 3236 observatus
755 3204 786 3236 in
797 3203 895 3237 Curiis
911 3202 1017 3237 nostris
1035 3205 1196 3239 Baronum.

462 3249 601 3294 Cuj‘acius
618 3248 656 3281 ad
672 3250 764 3283 Feud.
782 3250 831 3284 lib.
854 3263 882 3284 1.
895 3251 963 3285 Tit.
978 3265 1005 3286 1.
1017 3247 1046 3296 §.
1073 3252 1106 3284 Si
1123 3263 1197 3286 vero

463 3297 603 3342 Archiep.
647 3299 731 3329 Aliud
746 3300 782 3339 est
794 3301 962 3340 investitura,
985 3302 1063 3333 aliud
1078 3302 1196 3334 traditi&

464 3348 623 3387 Investitura
641 3348 677 3387 cst
689 3347 759 3387 ceffzo
768 3347 848 3386 fi'udi
858 3346 973 3384 fialennis
982 3351 1041 3387 five
1053 3352 1195 3381 contritum

464 3401 512 3440 qui
528 3397 588 3434 fine
609 3395 752 3425 traditione
779 3392 931 3438 pffffionis
954 3404 1004 3437 per
1027 3394 1058 3433 se
1071 3396 1196 3436 fizbfistit.

466 3446 652 3484 investituram
663 3442 784 3485 liquitur
812 3442 925 3472 traditio
937 3443 1091 3484 pfffflonis
1103 3455 1195 3473 vacua.

466 3496 513 3523 vt
541 3493 614 3531 infra
645 3487 670 3535 ς.
701 3493 831 3534 proximo
869 3485 903 3521 ἐς
927 3488 973 3523 lib.
990 3499 1025 3533 4.
1063 3493 1115 3521 Tit.
1141 3500 1152 3522 1
1163 3500 1193 3533 5.

1255 493 1304 531 qui
1339 493 1481 533 investitus
1511 494 1547 534 est
1566 517 1576 533 ,
1614 504 1721 537 cogatur
1757 496 1881 526 dominus
1893 499 2000 528 mittere

1257 540 1288 567 in
1310 539 1393 576 frudi
1418 538 1600 583 poffiffionem.
1650 540 1720 574 Plus
1753 541 1845 586 igitur
1872 540 1916 575 est
1936 543 2000 587 pos-

1256 582 1409 622 seffionem
1439 585 1511 619 dare
1529 611 1539 627 ‚
1588 600 1680 632 quam
1711 592 1901 633 investituram
1932 601 2001 623 con-

1256 631 1384 674 cedere,
1435 633 1484 668 fied
1519 633 1572 669 hic
1607 636 1738 683 loquitur
1774 637 1813 672 de
1843 641 2001 680 investitura

1255 685 1410 728 impropria.

1305 733 1442 764 Adrianus
1461 731 1515 777 Pp.
1537 731 1656 778 Anglus
1683 732 1833 768 investivit
1849 735 1893 769 H.
1917 748 1948 769 2.
1963 734 2001 769 de

1256 777 1393 819 dominio
1417 779 1579 815 Hiberniae
1608 779 1720 814 annulo
1731 786 1831 815 aureo'.
1855 783 1948 817 Stow.
1966 784 1998 817 in

1255 828 1435 863 An.1160.
1458 829 1502 862 H.
1517 841 1548 863 2.
1568 841 1599 875 7.
1624 840 1671 874 pa.
1692 829 1776 864 218.
1814 830 1950 865 EtEdw.
1972 845 1999 877 3.

1255 874 1355 911 filium
1367 877 1456 912 suum
1475 876 1561 912 Edw.
1580 877 1832 924 primogenitum,
1855 876 1893 911 de
1913 880 2000 913 Prin—

1256 924 1357 970 cipatu
1378 925 1505 960 Walliae
1523 926 1556 960 in
1578 925 1656 960 Parl.
1674 925 1806 960 Westm.
1827 938 1875 960 an.
1887 927 1927 960 R.
1947 939 2001 971 17.

1255 984 1310 1018 per
1319 973 1441 1007 Sertum
1460 974 1492 1007 in
1509 975 1618 1021 capite,
1641 979 1673 1009 δε
1687 975 1833 1010 annulum
1860 974 1891 1008 in
1903 974 2000 1022 digito

1254 1032 1391 1063 aureum,
1413 1034 1449 1056 ac
1473 1022 1593 1067 virgam
1612 1033 1790 1069 argenteam
1808 1026 1995 1066 investivimus

1249 1067 1340 1115 juxta
1357 1082 1485 1104 morem.
1508 1071 1550 1106 V.
1580 1071 1674 1106 Char.
1693 1072 1808 1106 Selden.
1841 1071 1912 1106 Tit.
1929 1071 2003 1114 hon,

1255 1130 1325 1164 pag.
1340 1119 1512 1165 595.Edit.
1525 1132 1556 1154 2.
1993 1139 2001 1146 ·

1301 1171 1465 1211 Investitura
1489 1180 1540 1214 per
1576 1173 1705 1204 annulum
1738 1168 1773 1205 &
1800 1170 1920 1204 baculum
1949 1170 2000 1203 stu

1258 1221 1376 1262 virgam.
1400 1216 1480 1251 GalL
1493 1229 1544 1263 per
1561 1224 1624 1252 rain
1643 1217 1677 1253 &
1696 1230 1748 1263 per
1777 1219 1876 1261 baston.
1924 1218 2000 1252 Mos

1253 1265 1442 1299 Francorum
1460 1266 1601 1312 antiquus
1618 1266 1669 1300 hic
1690 1266 1750 1301 fuit
1762 1291 1772 1308 ‚
1794 1266 1827 1300 in
1859 1265 1999 1300 omnibus

1253 1309 1350 1347 feudis
1368 1311 1555 1348 conferendis
1573 1330 1582 1346 ε
1602 1313 1694 1356 hodie
1718 1314 1883 1360 praefertim
1900 1315 1932 1348 in
1958 1314 1999 1347 E-

1253 1361 1450 1408 piscopatibus
1483 1364 1516 1396 &
1547 1362 1725 1396 Honoribus
1755 1361 1893 1396 Ecclefiae
1927 1362 1998 1395 reti-

1252 1419 1352 1450 netur,
1379 1409 1462 1455 quod
1478 1410 1530 1444 sub
1544 1410 1590 1444 his
1598 1410 1738 1456 symbolis
1747 1409 1862 1444 Carolo
1875 1410 1999 1456 Magno

1254 1455 1430 1491 concessum⁴
1461 1456 1533 1490 effet
1569 1458 1608 1491 ab
1634 1458 1770 1491 Adriano
1788 1459 1847 1491 PP.
1879 1457 1998 1492 investi-

1253 1504 1323 1538 endi
1350 1505 1526 1551 Epistopos,
1559 1508 1616 1540 &a
1664 1504 1866 1551 privilegium.
1889 1506 1999 1539 Oratio

1252 1566 1345 1600 quam
1380 1554 1511 1601 Gregor.
1530 1555 1615 1599 Papa
1635 1555 1667 1589 6.
1703 1553 1868 1587 moritums
1894 1552 2001 1588 habuit

1252 1602 1334 1648 apud
1353 1602 1614 1638 Malmesburiens
1638 1602 1677 1636 de
1712 1600 1788 1648 gest.
1805 1602 1875 1635 RR.
1903 1601 1954 1635 lib.
1968 1615 2001 1636 2.

1252 1654 1394 1686 Laudatus
1407 1655 1444 1695 est
1460 1655 1525 1685 olim
1543 1650 1560 1696 (
1571 1648 1696 1699 inquit)
1710 1653 1885 1697 praedt'canAae
1902 1664 2000 1684 memo-

1249 1706 1299 1733 riae
1311 1702 1477 1747 praedeccffor
1495 1705 1578 1745 noster
1609 1700 1759 1735 Adrianus
1779 1705 1898 1747 primus,
1931 1701 2002 1745 qudd

1250 1753 1421 1791 investituras
1444 1754 1622 1793 Ecclefiarum
1653 1748 1768 1783 Carolo
1793 1749 1918 1794 Magno
1936 1762 1997 1783 con-

1249 1797 1374 1842 ceffiritg
1409 1806 1452 1833 ita
1469 1810 1501 1831 ut
1517 1802 1600 1833 nudus
1616 1801 1722 1832 Eleflus
1752 1798 1941 1839 corficraretm·
1959 1797 1995 1830 ab

1249 1848 1383 1892 Epifiopo,
1405 1850 1457 1888 nist
1466 1848 1544 1892 prins
1580 1849 1597 1880 ἃ
1620 1853 1689 1893 Rege
1717 1850 1885 1893 itfigniretur
1898 1844 1992 1880 &an-

1248 1898 1309 1928 nulo
1326 1894 1361 1929 &³
1387 1897 1484 1930 baculo.
1532 1895 1680 1937 Annulus,
1709 1908 1778 1930 arra
1801 1894 1872 1929 fidei
1889 1908 1900 1938 3
1936 1893 1989 1929 ba·
2007 1908 2123 1938 Anulus
2135 1914 2164 1945 ες
2174 1914 2217 1944 ὀί,

1249 1943 1342 1985 culus,
1365 1944 1484 1979 subsidii
1520 1945 1628 1991 quibus
1645 1943 1772 1978 domino
1797 1944 1849 1977 suo
1870 1953 1989 1977 tenetur
2003 1949 2086 1984 culus,
2094 1953 2160 1986 quid
2169 1962 2220 1983 no.

1248 1990 1457 2025 Beneficiarius
1469 1993 1518 2026 seu
1536 1991 1693 2026 Vaffauus.
1716 1990 1989 2026 Ecclesiasticorum
2008 1990 2080 2016 ‘³¹¹⁶-

1249 2039 1323 2072 νει-ὸ
1342 2040 1456 2073 rituum
1483 2039 1649 2085 Scriptores
1669 2038 1831 2073 secularem
1860 2049 1990 2074 tacentes

1248 2088 1548 2133 interpretationem,
1580 2086 1739 2134 mysticam
1761 2085 1907 2122 adferunt.
1928 2089 1989 2123 Vi-

1249 2135 1287 2168 de
1306 2136 1441 2169 Dutand.
1468 2135 1517 2168 lib.
1541 2148 1570 2180 3.
1596 2148 1681 2182 capp.
1714 2145 1769 2180 14.
1787 2139 1819 2169 &
1850 2148 1904 2180 15.
1928 2138 1988 2171 Rei

1249 2183 1280 2216 in
1299 2183 1431 2228 Imperio
1456 2182 1608 2217 Orientali
1630 2183 1841 2230 antiquitatem
1867 2196 1929 2217 non
1938 2184 1989 2219 hic

1248 2231 1421 2277 prosequor.
1468 2231 1587 2266 Nostris
1611 2242 1713 2267 autem
1746 2232 1883 2278 Regibus
1893 2233 1991 2267 Saxo-

1248 2292 1324 2314 num
1342 2292 1411 2314 aevo
1435 2278 1608 2327 competiffe
1624 2279 1824 2315 Ekclefiarum
1848 2285 1989 2325 investitu-

1248 2343 1299 2370 ras,
1322 2327 1488 2363 luculenter
1500 2328 1614 2363 constat
1626 2341 1665 2363 ex
1685 2329 1823 2363 Authore
1832 2340 1986 2364 coaetaneo

1247 2375 1372 2423 Ingulfo
1382 2378 1510 2419 Saxone,
1533 2378 1564 2411 in
1574 2375 1770 2424 Croylandiae
1783 2378 1841 2412 suae
1856 2377 1988 2413 historia.

1247 2424 1411 2459 Mordicus
1424 2427 1517 2472 igitur
1526 2425 1573 2472 jus
1585 2425 1663 2460 istud
1673 2426 1794 2461 tenuere
1803 2426 1989 2461 succedentes

1247 2475 1349 2520 Reges
1372 2499 1382 2515 ‚
1415 2485 1450 2507 ut
1467 2474 1498 2507 in
1527 2486 1635 2507 eorum
1649 2473 1715 2507 vitis
1732 2475 1851 2520 copiose
1868 2475 1982 2520 legeris

1246 2522 1371 2557 Interim
1397 2522 1468 2556 vide
1493 2535 1561 2569 quae
1587 2535 1641 2555 nos
1677 2523 1764 2568 ffipra
1800 2524 1985 2556 memoravi-

1247 2583 1314 2605 mus
1330 2571 1361 2605 in
1387 2570 1482 2605 verbo
1507 2577 1693 2617 Homagium,
1715 2574 1747 2604 ἃ
1778 2569 1817 2604 de
1842 2574 1984 2613 Invcstitu-

1246 2634 1283 2654 ηε
1319 2618 1455 2654 formulis
1487 2619 1572 2666 plura
1589 2632 1690 2666 quaere
1722 2619 1755 2653 in
1790 2623 1923 2660 Traditio,
1950 2622 1982 2653 &

1247 2671 1361 2712 fistuca.

1295 2714 1319 2761 J
1337 2713 1524 2752 Inwadiare.
1551 2714 1569 2760 [
1605 2723 1790 2763 oppignorare.
1835 2715 1917 2751 Gall.
1939 2730 1985 2749 en-

1241 2779 1336 2811 gager.
1372 2765 1517 2812 Longob.
1545 2764 1595 2800 lib.
1614 2765 1722 2799 1.Tit.
1747 2777 1802 2810 14.
1836 2765 1854 2799 l.
1877 2778 1930 2799 10.
1953 2771 1984 2799 St

1244 2815 1314 2848 liber
1331 2816 1405 2848 homo
1428 2817 1538 2860 aliquod
1547 2817 1676 2848 damnum
1694 2815 1803 2847 cuilibet
1808 2818 1917 2856 fecerit,
1937 2827 1987 2860 pro

1247 2876 1296 2908 quo
1302 2866 1414 2909 plenam
1430 2865 1634 2909 compofitionem
1644 2865 1735 2904 facere
1749 2876 1799 2896 non
1816 2866 1907 2896 valeat
1920 2877 1927 2896 ;
1942 2865 1988 2903 ft-

1247 2912 1386 2957 metipfiem
1406 2914 1554 2945 inwadiare
1570 2914 1678 2956 studeat
1702 2913 1779 2956 usque
1805 2914 1868 2945 dum
1879 2915 1987 2956 plenam

1246 2962 1451 3005 cmpfitionem
1469 2962 1622 3005 adimpleat.
1649 2960 1691 2993 Et
1701 2959 1723 2992 l.
1738 2972 1751 2994 1
1761 2972 1791 2993 0.
1808 2961 1988 3001 ——semet-

1245 3008 1329 3053 ipfiaem
1346 3020 1395 3054 per
1417 3011 1536 3042 wadium
1553 3014 1583 3041 in
1592 3009 1709 3048 firvitio
1734 3013 1870 3053 Principis
1886 3011 1985 3041 tradat.

1246 3055 1406 3090 Burkhard
1424 3056 1461 3090 de
1475 3055 1573 3091 Casib.
1587 3057 1615 3090 S.
1624 3056 1708 3091 Galli
1724 3069 1767 3091 ca.
1787 3069 1799 3090 1
1813 3069 1840 3089 1.
1871 3056 1982 3097 Pzffiffi-

1245 3118 1304 3138 ones
1310 3116 1361 3151 pro
1380 3118 1460 3150 190.
1477 3111 1587 3147 marcis,
1609 3103 1644 3138 &³
1670 3118 1683 3139 1
1693 3118 1750 3138 00.
1767 3105 1842 3136 libris
1864 3104 1981 3134 denario-

1244 3166 1306 3186 rum
1322 3156 1500 3196 inuiadzavit,
1525 3157 1568 3187 vel
1593 3160 1677 3188 etiam
1699 3154 1852 3193 infeodavit.
1900 3149 1981 3183 Vide

1244 3205 1395 3236 Invadtare.

1293 3246 1317 3293 ff
1334 3247 1531 3296 Jobagims]
1556 3246 1677 3286 Coloni,
1699 3244 1856 3289 mancipia.
1901 3245 1979 3279 Ver-

1243 3296 1318 3330 bum
1348 3297 1393 3331 est
1424 3297 1647 3344 Hungaricum,
1668 3302 1703 3325 ut
1720 3289 1812 3326 refert
1834 3293 1978 3339 Lydius&

1243 3344 1400 3379 Goldasto.

1291 3388 1316 3436 J
1333 3390 1474 3437 Jocale]
1515 3391 1629 3430 Monile,
1647 3401 1766 3433 gemma.
1784 3388 1864 3422 Gall.
1883 3394 1973 3429 Joyan.

1243 3438 1381 3482 lngulfus
1399 3435 1657 3473 Saxo.--···&-
1666 3439 1771 3483 aliquid
1778 3439 1919 3481 pretiosum
1933 3451 1978 3468 no-

1245 3486 1351 3529 bileque
1370 3490 1455 3529 jot-ale
1486 3489 1593 3530 offerret
1613 3485 1691 3518 Mat,
1711 3483 1791 3518 Paris
1807 3484 1838 3517 in
1855 3486 1935 3519 Hen.
1951 3498 1978 3530 3.

1332 3550 1335 3552 ·
1919 3534 1977 3566 An.
