2305 3809
761 195 1028 278 Praefatio
1063 200 1132 262 ad
1172 193 1453 263 LeHorem.
2167 198 2174 201 i

447 328 691 377 Tractatus
711 327 756 374 de
777 302 959 374 'firminis
976 323 1173 389 Juridicis,
1193 328 1351 375 Londim'
1372 330 1512 390 Impr.
1538 342 1555 376 u
1568 329 1680 390 684.
1700 333 1833 392 Opus
1858 333 1940 379 im-

388 394 703 515 136ιὲῗᾷἚὲὶο
717 426 1015 510 &Methodo
1035 460 1213 525 legendi
1246 469 1296 511 δι
1315 462 1567 526 explicandi
1590 429 1800 514 ¹Tabulas
1821 480 1940 514 vete3

387 550 454 585 res
473 530 671 597 publicas
678 566 692 590 ,
708 529 822 595 Angl.
844 531 996 577 Ancient
1012 529 1196 588 Ήεεονάε,
1213 532 1318 576 MS.

436 600 658 664 'Reliquit
687 600 820 646 etiam
856 599 970 644 MS.
1002 597 1072 642 cui
1100 595 1286 643 Titulus
1318 601 1456 657 Ιεεηὶα,
1492 600 1740 667 AntiZJuitates
1759 603 1936 668 quasdam
1954 649 2057 671 ww
2092 646 2170 674 mn„

387 672 500 735 Agri
531 663 849 719 Norfolcienfis
868 665 1116 724 continens,
1150 663 1275 726 quod
1311 663 1454 713 adhuc
1495 669 1691 719 multum
1724 667 2163 720 defidera-1r1meb.'2ifi.2.

388 753 475 786 tur.
1433 771 1435 773 ·

464 801 694 868 Supersunt
728 800 866 846 etiam
896 796 1026 847 Libri
1059 799 1180 859 duo,
1212 817 1379 849 ‘verum
1408 816 1562 850 utrum
1583 808 1719 862 Patris
1739 824 1795 852 an
1818 801 1933 867 Filii,

390 891 447 922 an
463 873 596 920 etiam
632 867 863 930 utriusque
889 867 1095 916 censendi
1121 866 1202 916 sint
1222 906 1235 929 ,
1279 887 1411 932 penes
1451 872 1692 920 Lectorem
1735 872 1786 921 fit
1813 875 1938 936 Judi-

391 955 524 989 cium.

455 1007 630 1054 Primus
645 1002 703 1052 est
733 1001 965 1063 Psalterium
984 1006 1147 1053 Davidis
1180 1006 1643 1057 Latino-Saxonicum
1667 1049 1680 1070 ,
1715 1026 1741 1056 a
1769 1008 1934 1069 Jolmnne

385 1075 602 1139 Spelmanno
624 1074 788 1121 Henrici
822 1072 950 1132 Filio,
987 1091 1012 1120 e
1033 1076 1169 1122 Patris
1190 1072 1464 1123 Bibliotheca
1483 1078 1529 1123 in
1552 1079 1723 1124 Lucem
1744 1078 1932 1138 editum,

388 1139 515 1192 Lonlz
553 1143 696 1201 12640.
736 1143 810 1189 De
846 1139 932 1188 hoc
961 1139 1017 1188 fic
1050 1140 1253 1205 praefatur
1285 1143 1429 1203 Filius,
1468 1147 1582 1191 Patri
1617 1162 1710 1192 tam
1729 1146 1938 1194 Moribus

385 1228 523 1274 quam
557 1211 774 1258 Doc3trina
790 1206 1067 1267 fimillimu53
1108 1219 1119 1239 ‘
1136 1209 1315 1277 (Pfhlterii
1347 1214 1692 1262 Latino-Samniti
1713 1214 1937 1263 interline-

387 1283 400 1304 ‘
418 1282 499 1327 aris
527 1277 771 1340 Exemplar
793 1293 918 1325 vetus
940 1282 1041 1326 MS.
1083 1280 1106 1342 ζ
1125 1299 1149 1328 e
1168 1283 1302 1328 Patris
1322 1283 1410 1328 mei
1431 1280 1738 1343 Bibliotheca)
1775 1283 1935 1331 edendi

386 1350 400 1372 ‘
419 1348 704 1395 Provinciam
716 1348 762 1393 in
781 1364 856 1394 me
870 1345 1064 1410 suscepi5
1100 1366 1192 1395 non
1222 1347 1374 1413 sponte
1407 1346 1561 1411 fatcor,
1597 1350 1668 1400 sed
1698 1369 1799 1398 cum
1825 1349 1936 1416 jussu

387 1417 577 1472 ‘Patris,
614 1431 711 1462 tum
763 1412 884 1462 suasu
927 1421 975 1464 δι
1010 1414 1302 1466 obtestatione
1336 1418 1635 1482 plurimorum
1667 1419 1872 1469 nonnihil
1890 1424 1936 1469 in

389 1488 403 1511 ‘
418 1483 571 1531 iisdem
593 1482 741 1532 studiis
755 1482 1076 1533 desudantium.

386 1577 390 1581 -
456 1551 581 1600 Alter
602 1551 663 1600 est
679 1551 852 1618 AElfredi
868 1554 1022 1617 Magni,
1057 1555 1262 1616 Anglorum
1281 1557 1419 1618 Regis
1453 1555 1723 1602 invidtiffimi
1737 1557 1842 1605 Vita
1861 1597 1874 1618 ,
1911 1575 1937 1603 a

388 1617 640 1668 Clariffimo
662 1624 805 1667 Dom.
833 1620 1003 1681 Johanne
1033 1622 1250 1678 Spehnanno
1279 1622 1443 1663 va'ici
1460 1621 1612 1677 >Filio-3
1633 1626 1803 1686 *Anglice
1831 1643 1938 1670 con-

386 1687 559 1746 scripta,
596 1703 694 1751 quae
714 1686 895 1729 tandem
912 1685 1053 1730 Latine
1075 1682 1261 1746 reddita,
1276 1690 1324 1732 ὃς
1340 1685 1714 1735 Annotationibus
1748 1688 1935 1739 illustra-

381 1766 441 1797 ta.
481 1754 619 1799 Oxonii
639 1770 663 1799 e
698 1750 901 1799 Theatro
933 1751 1191 1812 Sheldoniano,
1220 1758 1355 1802 Anno
1376 1757 1517 1801 Dom.
1541 1772 1555 1801 1
1571 1758 1681 1813 678.
1697 1760 1741 1804 in
1757 1760 1934 1809 Lucem

378 1818 555 1882 prodiit.
626 1822 699 1867 De
719 1819 911 1887 utrisque
930 1836 1080 1868 autem
1101 1822 1198 1888 quis
1212 1821 1369 1869 melius
1389 1822 1460 1870 vel
1481 1822 1652 1885 plenius
1666 1824 1763 1889 ipfis
1776 1827 1932 1876 Alums

380 1889 462 1947 nis,
500 1886 574 1935 vel
603 1890 747 1951 potius
768 1887 1068 1937 Eruditiffimo
1098 1889 1318 1955 Magistro
1341 1893 1500 1954 Magni
1529 1889 1716 1941 AElfredi
1752 1897 1795 1941 in
1818 1896 1931 1944 Col-

381 1953 503 2021 legio
525 1960 708 2023 Magnae
738 1956 863 2003 Aulae
885 1955 1192 2006 Univerfitatis
1233 1961 1451 2023 Oxonienfis
1469 1963 1514 2009 in
1545 1960 1619 2009 sua
1638 1962 1694 2009 ad
1715 1962 1833 2012 hunc
1853 1967 1930 2012 Li-

378 2021 516 2081 brun}
531 2023 825 2082 Piaefationess
859 2030 976 2090 Qae
996 2029 1220 2094 quoniam
1251 2025 1382 2075 fimul
1417 2032 1572 2077 vivam
1604 2033 1739 2078 Patris
1770 2036 1932 2098 lmagi=

377 2109 483 2140 nem
517 2092 627 2142 Filio
659 2093 735 2142 suo
754 2097 1058 2161 primogenito
1094 2094 1350 2160 Impreffam
1381 2097 1521 2145 oculis
1552 2101 1828 2165 Legentium
1856 2121 1931 2149 ex-

376 2159 516 2221 hibet,
544 2160 637 2210 fieri
655 2162 780 2211 aliter
796 2182 889 2213 non
914 2164 1075 2227 potest,
1127 2168 1238 2232 quin
1268 2183 1366 2213 rem
1400 2164 1561 2215 faciam
1592 2170 1772 2216 Lectori
1794 2189 1932 2237 quarn

377 2229 679 2294 gradffimam,
716 2237 763 2280 &
781 2232 865 2281 hoc
885 2229 1057 2281 fortaffe
1091 2236 1233 2300 magis
1266 2251 1456 2298 gratam,
1493 2239 1615 2303 quod
1644 2236 1761 2285 illius
1779 2238 1935 2289 Verbis

378 2297 516 2345 finem
552 2298 762 2362 praefandi
794 2299 890 2348 sum
926 2302 1148 2350 {aeturust
1224 2306 1320 2350 ‘Ex
1353 2303 1623 2354 Adversariis
1662 2304 1932 2354 Illustriffimi

381 2368 601 2414 ‘Domini
633 2370 798 2418 Henrici
823 2371 1029 2434 Spelmanni
1047 2410 1061 2432 ,
1097 2373 1270 2418 Rerum
1303 2375 1601 2441 Antiquarum
1621 2373 1779 2423 Studio
1794 2381 1933 2423 maxi-

378 2437 392 2460 ‘
411 2450 487 2482 me
505 2435 681 2502 inclyti,
728 2455 752 2485 a
773 2438 882 2486 Filio
901 2442 1082 2502 Patrem
1119 2446 1134 2497 (
1154 2438 1184 2487 fi
1203 2439 1524 2490 diuturniorem
1543 2441 1621 2505 ipsi
1642 2443 1796 2493 Vitam
1811 2448 1933 2493 Deus

376 2503 721 2571 ‘conceffiffet)
759 2506 1019 2557 Eruditione
1038 2506 1580 2572 superaturoggncjn-nata
1615 2510 1690 2559 est.
1757 2517 1930 2562 Aucto-2

376 2576 390 2598 ‘
412 2574 465 2618 ris
487 2577 631 2624 Famae
651 2575 801 2640 (quod
820 2576 930 2624 serio
945 2576 1165 2639 dolemus)
1193 2584 1239 2626 δι
1261 2578 1372 2626 Vitae
1386 2582 1598 2640 Brevitas,
1638 2586 1684 2627 δε
1702 2580 1826 2630 tristis
1848 2587 1929 2630 Sae-

377 2639 497 2688 ‘culi
533 2642 783 2690 Tumultus
804 2682 817 2704 ,
869 2642 1099 2695 infeliciter
1129 2646 1499 2695 novercabantur.
1569 2648 1706 2696 Haud
1742 2650 1927 2716 vulgare

374 2712 571 2769 ‘tamen,
606 2725 705 2760 tum
735 2715 962 2761 Doctrinae
995 2729 1091 2762 tum
1130 2714 1386 2779 Diligentiae
1425 2717 1508 2765 suae
1537 2719 1764 2780 Specimen
1790 2718 1927 2767 edidit

374 2781 389 2803 ‘
408 2776 636 2842 Psalterium
671 2782 844 2844 Davidbs
867 2784 1052 2831 saxonice
1091 2783 1314 2851 Gloffiztum.
1385 2789 1513 2849 Opus
1548 2787 1658 2834 dum
1686 2785 1922 2835 instituere-
1940 2813 2152 2852 &sparvam

375 2849 492 2906 ‘tur,
528 2849 689 2896 Latine
705 2849 809 2897 scire
841 2850 1146 2914 cupientibus3
1185 2871 1304 2902 nunc
1322 2871 1430 2902 vero
1465 2856 1676 2902 Saxonice
1705 2852 2111 2917 studiofis‚M·ffi¹fs‘³<l³‘

373 2917 388 2939 ‘
408 2917 791 2975 exoptatiffimum.
866 2918 1058 2969 Historia
1089 2920 1177 2969 haec
1200 2959 1212 2982 ‚
1264 2921 1452 2968 alterum
1483 2920 1704 2969 Industriae
1723 2920 1804 2969 suae
1825 2962 1837 2983 ,
1875 2931 1922 2973 ὃς

371 2983 386 3006 ‘
407 2984 565 3042 patrias
579 2983 725 3033 versus
758 2988 1056 3054 Antiquitates
1083 2988 1191 3037 Zeli
1229 2992 1374 3050 Opus,
1411 2987 1522 3035 Belli
1541 2987 1674 3035 nostri
1707 2993 1839 3038 Initio
1866 2992 1924 3040 ab

371 3047 501 3110 ‘ipso
531 3048 732 3097 confecta
765 3054 997 3122 Praeloque
1027 3071 1180 3117 parata
1199 3093 1213 3115 ‚
1249 3056 1539 3117 Temporum
1576 3058 1813 3124 Iniquitate
1833 3099 1844 3119 ‚
1881 3078 1923 3109 et

371 3119 385 3142 ‘
404 3119 610 3164 Αυᾶοῐίε
637 3117 949 3180 intempestivo
969 3120 1131 3182 Obitu,
1167 3122 1225 3170 ad
1253 3122 1340 3170 hoc
1358 3120 1490 3189 usque
1506 3140 1680 3189 tempus
1715 3125 1804 3176 fine
1817 3131 1920 3178 No-

371 3188 385 3210 ‘
408 3186 558 3246 mine,
611 3182 699 3234 fine
718 3188 840 3234 Luce
862 3225 875 3247 ‚
923 3185 1011 3236 fine
1044 3193 1130 3252 Spe
1151 3207 1263 3251 pene
1302 3190 1502 3254 oppressa
1530 3196 1680 3257 jacuit.
1750 3200 1920 3245 Auctor

379 3252 498 3314 ‘ipse
513 3254 623 3301 inter
654 3253 963 3304 Tumultuum
994 3260 1121 3306 Initia
1155 3261 1274 3324 Regi
1307 3263 1462 3307 Oxoniae
1489 3258 1690 3310 adfistens
1710 3301 1723 3323 ,
1759 3268 1918 3328 exejus

373 3323 386 3345 ‘
408 3322 573 3369 Pavore
601 3320 875 3392 propriisque
897 3327 1069 3374 Meritis
1093 3326 1154 3374 nil
1187 3345 1277 3375 non
1308 3325 1475 3390 sperare
1501 3327 1648 3395 jussus,
1686 3338 1734 3378 &
1767 3330 1822 3377 ad
1843 3336 1916 3380 Se-

376 3391 579 3453 }cretarii
599 3394 766 3443 Munus
787 3395 994 3443 omniurn
1014 3394 1246 3460 Applausu
1265 3394 1526 3463 defignatu‘s,
1563 3398 1671 3465 dum
1690 3402 1734 3445 in
1765 3399 1918 3448 Colle-

1841 3472 1919 3533 gio
