<?xml version="1.0" encoding="UTF-8"?>
<!DOCTYPE html PUBLIC "-//W3C//DTD XHTML 1.0 Transitional//EN"
    "http://www.w3.org/TR/xhtml1/DTD/xhtml1-transitional.dtd">
<html xmlns="http://www.w3.org/1999/xhtml" xml:lang="en" lang="en">
 <head>
  <title>
</title>
<meta http-equiv="Content-Type" content="text/html;charset=utf-8" />
  <meta name='ocr-system' content='tesseract 3.04.00' />
  <meta name='ocr-capabilities' content='ocr_page ocr_carea ocr_par ocr_line ocrx_word'/>
</head>
<body>
  <div class='ocr_page' id='page_1' title='image "./glossariumarchia00spel_0201.png"; bbox 0 0 2305 3809; ppageno 0'>
   <div class='ocr_carea' id='block_1_1' title="bbox 88 189 2076 207">
    <p class='ocr_par' dir='ltr' id='par_1_1' title="bbox 88 189 2076 207">
     <span class='ocr_line' id='line_1_1' title="bbox 88 189 2076 207; baseline 0 3602"><span class='ocrx_word' id='word_1_1' title='bbox 88 189 2076 207; x_wconf 95' lang='lat' dir='ltr'> </span> 
     </span>
    </p>
   </div>
   <div class='ocr_carea' id='block_1_2' title="bbox 622 200 1503 278">
    <p class='ocr_par' dir='ltr' id='par_1_2' title="bbox 622 200 1503 278">
     <span class='ocr_line' id='line_1_2' title="bbox 622 200 1503 278; baseline 0.001 -2"><span class='ocrx_word' id='word_1_2' title='bbox 622 200 1503 278; x_wconf 70' lang='lat' dir='ltr'><em>GLOSSARJUM</em></span> 
     </span>
    </p>
   </div>
   <div class='ocr_carea' id='block_1_3' title="bbox 1912 226 2020 296">
    <p class='ocr_par' dir='ltr' id='par_1_3' title="bbox 1912 226 2020 296">
     <span class='ocr_line' id='line_1_3' title="bbox 1912 226 2020 296; baseline 0 -22"><span class='ocrx_word' id='word_1_3' title='bbox 1912 226 2020 296; x_wconf 70' lang='lat'><em>1‘7‘5</em></span> 
     </span>
    </p>
   </div>
   <div class='ocr_carea' id='block_1_4' title="bbox 94 305 2073 329">
    <p class='ocr_par' dir='ltr' id='par_1_4' title="bbox 94 305 2073 329">
     <span class='ocr_line' id='line_1_4' title="bbox 94 305 2073 329; baseline 0 3480"><span class='ocrx_word' id='word_1_4' title='bbox 94 305 2073 329; x_wconf 95' lang='lat' dir='ltr'> </span> 
     </span>
    </p>
   </div>
   <div class='ocr_carea' id='block_1_5' title="bbox 282 342 1056 1822">
    <p class='ocr_par' dir='ltr' id='par_1_5' title="bbox 282 342 1056 1822">
     <span class='ocr_line' id='line_1_5' title="bbox 310 342 1050 385; baseline -0.009 -10"><span class='ocrx_word' id='word_1_5' title='bbox 310 344 421 377; x_wconf 81' lang='lat' dir='ltr'>dominae</span> <span class='ocrx_word' id='word_1_6' title='bbox 446 342 632 382; x_wconf 71' lang='lat' dir='ltr'>Brumhddis,</span> <span class='ocrx_word' id='word_1_7' title='bbox 666 345 782 385; x_wconf 75' lang='lat' dir='ltr'>quinque</span> <span class='ocrx_word' id='word_1_8' title='bbox 797 344 925 374; x_wconf 73' lang='lat' dir='ltr'>civitates</span> <span class='ocrx_word' id='word_1_9' title='bbox 942 348 1002 369; x_wconf 86' lang='lat' dir='ltr'>tam</span> <span class='ocrx_word' id='word_1_10' title='bbox 1019 342 1050 369; x_wconf 87' lang='lat' dir='ltr'>in</span> 
     </span>
     <span class='ocr_line' id='line_1_6' title="bbox 311 387 1050 434; baseline -0.007 -13"><span class='ocrx_word' id='word_1_11' title='bbox 311 392 370 422; x_wconf 77' lang='lat' dir='ltr'>dote</span> <span class='ocrx_word' id='word_1_12' title='bbox 383 399 464 434; x_wconf 78' lang='lat' dir='ltr'>quam</span> <span class='ocrx_word' id='word_1_13' title='bbox 489 402 519 420; x_wconf 86' lang='lat' dir='ltr'>m</span> <span class='ocrx_word' id='word_1_14' title='bbox 538 388 725 434; x_wconf 77' lang='lat' dir='ltr'><em>morganegiba</em></span> <span class='ocrx_word' id='word_1_15' title='bbox 738 412 749 428; x_wconf 92' lang='lat'>‚</span> <span class='ocrx_word' id='word_1_16' title='bbox 765 388 811 419; x_wconf 84' lang='lat' dir='ltr'>hoc</span> <span class='ocrx_word' id='word_1_17' title='bbox 823 388 871 427; x_wconf 78' lang='lat' dir='ltr'>est,</span> <span class='ocrx_word' id='word_1_18' title='bbox 888 387 1050 418; x_wconf 79' lang='lat' dir='ltr'>matutenali</span> 
     </span>
     <span class='ocr_line' id='line_1_7' title="bbox 311 432 1052 481; baseline -0.005 -12"><span class='ocrx_word' id='word_1_19' title='bbox 311 439 375 470; x_wconf 78' lang='lat' dir='ltr'>dono</span> <span class='ocrx_word' id='word_1_20' title='bbox 477 437 606 481; x_wconf 74' lang='lat' dir='ltr'>accepnffi.</span> <span class='ocrx_word' id='word_1_21' title='bbox 654 436 700 469; x_wconf 90' lang='lat' dir='ltr'>Ita</span> <span class='ocrx_word' id='word_1_22' title='bbox 716 433 819 480; x_wconf 83' lang='lat' dir='ltr'>paffim</span> <span class='ocrx_word' id='word_1_23' title='bbox 846 432 924 466; x_wconf 87' lang='lat' dir='ltr'>inter</span> <span class='ocrx_word' id='word_1_24' title='bbox 946 432 1052 466; x_wconf 87' lang='lat' dir='ltr'>borea-</span> 
     </span>
     <span class='ocr_line' id='line_1_8' title="bbox 312 479 1052 531; baseline -0.007 -13"><span class='ocrx_word' id='word_1_25' title='bbox 312 484 354 518; x_wconf 84' lang='lat' dir='ltr'>les</span> <span class='ocrx_word' id='word_1_26' title='bbox 366 484 502 531; x_wconf 85' lang='lat' dir='ltr'>populos,</span> <span class='ocrx_word' id='word_1_27' title='bbox 524 484 577 529; x_wconf 89' lang='lat' dir='ltr'>qui</span> <span class='ocrx_word' id='word_1_28' title='bbox 595 495 657 516; x_wconf 91' lang='lat' dir='ltr'>non</span> <span class='ocrx_word' id='word_1_29' title='bbox 675 481 770 516; x_wconf 80' lang='lat' dir='ltr'>solum</span> <span class='ocrx_word' id='word_1_30' title='bbox 786 481 845 514; x_wconf 88' lang='lat' dir='ltr'>hoc</span> <span class='ocrx_word' id='word_1_31' title='bbox 862 479 938 514; x_wconf 84' lang='lat' dir='ltr'>dotis</span> <span class='ocrx_word' id='word_1_32' title='bbox 957 492 1052 526; x_wconf 89' lang='lat' dir='ltr'>genus</span> 
     </span>
     <span class='ocr_line' id='line_1_9' title="bbox 313 528 1052 575; baseline -0.007 -9"><span class='ocrx_word' id='word_1_33' title='bbox 313 532 469 574; x_wconf 77' lang='lat' dir='ltr'>admisere,</span> <span class='ocrx_word' id='word_1_34' title='bbox 491 531 540 566; x_wconf 87' lang='lat' dir='ltr'>sed</span> <span class='ocrx_word' id='word_1_35' title='bbox 553 534 586 565; x_wconf 76' lang='grc' dir='ltr'>ὃ(</span> <span class='ocrx_word' id='word_1_36' title='bbox 595 530 731 564; x_wconf 88' lang='lat' dir='ltr'>dandum</span> <span class='ocrx_word' id='word_1_37' title='bbox 741 529 883 573; x_wconf 81' lang='lat' dir='ltr'>statuere,</span> <span class='ocrx_word' id='word_1_38' title='bbox 905 528 944 562; x_wconf 90' lang='lat' dir='ltr'>de</span> <span class='ocrx_word' id='word_1_39' title='bbox 957 541 1052 575; x_wconf 85' lang='lat' dir='ltr'>quan-</span> 
     </span>
     <span class='ocr_line' id='line_1_10' title="bbox 316 578 1051 622; baseline -0.007 -8"><span class='ocrx_word' id='word_1_40' title='bbox 316 581 402 614; x_wconf 84' lang='lat' dir='ltr'>titate</span> <span class='ocrx_word' id='word_1_41' title='bbox 418 580 510 613; x_wconf 87' lang='lat' dir='ltr'>etiam</span> <span class='ocrx_word' id='word_1_42' title='bbox 535 590 685 613; x_wconf 87' lang='lat' dir='ltr'>caventes.</span> <span class='ocrx_word' id='word_1_43' title='bbox 733 578 831 612; x_wconf 86' lang='lat' dir='ltr'>Gothi</span> <span class='ocrx_word' id='word_1_44' title='bbox 856 581 911 618; x_wconf 91' lang='lat' dir='ltr'>(ut</span> <span class='ocrx_word' id='word_1_45' title='bbox 928 587 1051 622; x_wconf 84' lang='lat' dir='ltr'>apparet</span> 
     </span>
     <span class='ocr_line' id='line_1_11' title="bbox 282 623 1051 674; baseline -0.008 -12"><span class='ocrx_word' id='word_1_46' title='bbox 282 656 289 661; x_wconf 88' lang='lat'><strong>.</strong></span> <span class='ocrx_word' id='word_1_47' title='bbox 315 627 520 674; x_wconf 62' lang='lat' dir='ltr'>U&#39;isegothor.</span> <span class='ocrx_word' id='word_1_48' title='bbox 537 627 588 662; x_wconf 91' lang='lat' dir='ltr'>lib.</span> <span class='ocrx_word' id='word_1_49' title='bbox 601 626 705 674; x_wconf 83' lang='lat' dir='ltr'>3.Tit.</span> <span class='ocrx_word' id='word_1_50' title='bbox 725 626 778 661; x_wconf 89' lang='lat' dir='ltr'>1.l.</span> <span class='ocrx_word' id='word_1_51' title='bbox 794 623 854 671; x_wconf 91' lang='lat'>4.)</span> <span class='ocrx_word' id='word_1_52' title='bbox 871 639 921 658; x_wconf 86' lang='lat' dir='ltr'>non</span> <span class='ocrx_word' id='word_1_53' title='bbox 938 628 1051 669; x_wconf 76' lang='lat' dir='ltr'>amplius</span> 
     </span>
     <span class='ocr_line' id='line_1_12' title="bbox 315 677 1051 722; baseline -0.012 -10"><span class='ocrx_word' id='word_1_54' title='bbox 315 689 483 722; x_wconf 84' lang='lat' dir='ltr'>--—-quam</span> <span class='ocrx_word' id='word_1_55' title='bbox 511 678 643 712; x_wconf 77' lang='lat' dir='ltr'><em>decimam</em></span> <span class='ocrx_word' id='word_1_56' title='bbox 671 687 776 722; x_wconf 81' lang='lat' dir='ltr'>partem</span> <span class='ocrx_word' id='word_1_57' title='bbox 811 687 899 707; x_wconf 86' lang='lat' dir='ltr'>rerum</span> <span class='ocrx_word' id='word_1_58' title='bbox 928 677 1024 708; x_wconf 80' lang='lat' dir='ltr'>mariti</span> <span class='ocrx_word' id='word_1_59' title='bbox 1041 696 1051 712; x_wconf 87' lang='lat'>‚</span> 
     </span>
     <span class='ocr_line' id='line_1_13' title="bbox 311 719 1052 761; baseline -0.008 -4"><span class='ocrx_word' id='word_1_60' title='bbox 311 724 393 758; x_wconf 87' lang='lat' dir='ltr'>dotis</span> <span class='ocrx_word' id='word_1_61' title='bbox 412 724 534 758; x_wconf 88' lang='lat' dir='ltr'>nomine</span> <span class='ocrx_word' id='word_1_62' title='bbox 547 725 635 758; x_wconf 85' lang='lat' dir='ltr'>uxori</span> <span class='ocrx_word' id='word_1_63' title='bbox 648 721 866 761; x_wconf 85' lang='lat' dir='ltr'>conferendam.</span> <span class='ocrx_word' id='word_1_64' title='bbox 890 719 1052 753; x_wconf 83' lang='lat' dir='ltr'>Alemanni</span> 
     </span>
     <span class='ocr_line' id='line_1_14' title="bbox 316 769 1053 818; baseline -0.007 -12"><span class='ocrx_word' id='word_1_65' title='bbox 316 771 371 816; x_wconf 90' lang='lat' dir='ltr'>(L</span> <span class='ocrx_word' id='word_1_66' title='bbox 384 773 421 806; x_wconf 91' lang='lat' dir='ltr'>L.</span> <span class='ocrx_word' id='word_1_67' title='bbox 432 771 501 807; x_wconf 90' lang='lat' dir='ltr'>Tit.</span> <span class='ocrx_word' id='word_1_68' title='bbox 521 785 576 818; x_wconf 79' lang='lat'>55.</span> <span class='ocrx_word' id='word_1_69' title='bbox 590 769 617 818; x_wconf 83' lang='lat'>§.</span> <span class='ocrx_word' id='word_1_70' title='bbox 638 770 691 815; x_wconf 90' lang='lat'>2.)</span> <span class='ocrx_word' id='word_1_71' title='bbox 716 783 748 805; x_wconf 85' lang='lat' dir='ltr'>ut</span> <span class='ocrx_word' id='word_1_72' title='bbox 773 777 827 803; x_wconf 89' lang='lat' dir='ltr'>Dos</span> <span class='ocrx_word' id='word_1_73' title='bbox 843 772 966 813; x_wconf 83' lang='lat' dir='ltr'>legitima</span> <span class='ocrx_word' id='word_1_74' title='bbox 992 777 1053 812; x_wconf 87' lang='lat'>40.</span> 
     </span>
     <span class='ocr_line' id='line_1_15' title="bbox 308 815 1052 864; baseline -0.003 -12"><span class='ocrx_word' id='word_1_75' title='bbox 308 824 361 860; x_wconf 84' lang='lat' dir='ltr'><em>fol.</em></span> <span class='ocrx_word' id='word_1_76' title='bbox 392 824 528 864; x_wconf 80' lang='lat' dir='ltr'>constaret.</span> <span class='ocrx_word' id='word_1_77' title='bbox 574 821 705 856; x_wconf 83' lang='lat' dir='ltr'><strong>Saxones</strong></span> <span class='ocrx_word' id='word_1_78' title='bbox 726 817 741 862; x_wconf 86' lang='lat'>(</span> <span class='ocrx_word' id='word_1_79' title='bbox 756 815 957 862; x_wconf 84' lang='lat' dir='ltr'>westphali)</span> <span class='ocrx_word' id='word_1_80' title='bbox 984 816 1052 850; x_wconf 89' lang='lat' dir='ltr'>LL.</span> 
     </span>
     <span class='ocr_line' id='line_1_16' title="bbox 321 863 1053 914; baseline -0.008 -12"><span class='ocrx_word' id='word_1_81' title='bbox 321 868 387 902; x_wconf 87' lang='lat' dir='ltr'>Tit.</span> <span class='ocrx_word' id='word_1_82' title='bbox 411 868 441 902; x_wconf 88' lang='lat'>8.</span> <span class='ocrx_word' id='word_1_83' title='bbox 459 879 492 902; x_wconf 92' lang='lat' dir='ltr'>ut</span> <span class='ocrx_word' id='word_1_84' title='bbox 523 879 630 914; x_wconf 68' lang='lat' dir='ltr'>praeter</span> <span class='ocrx_word' id='word_1_85' title='bbox 659 866 763 902; x_wconf 82' lang='lat' dir='ltr'>dotem</span> <span class='ocrx_word' id='word_1_86' title='bbox 781 876 879 910; x_wconf 89' lang='lat' dir='ltr'>quam</span> <span class='ocrx_word' id='word_1_87' title='bbox 896 863 928 897; x_wconf 87' lang='lat' dir='ltr'>in</span> <span class='ocrx_word' id='word_1_88' title='bbox 944 864 1053 909; x_wconf 80' lang='lat' dir='ltr'>nuptiis</span> 
     </span>
     <span class='ocr_line' id='line_1_17' title="bbox 317 912 1055 962; baseline -0.008 -12"><span class='ocrx_word' id='word_1_89' title='bbox 317 916 427 962; x_wconf 77' lang='lat' dir='ltr'>adepta</span> <span class='ocrx_word' id='word_1_90' title='bbox 444 916 507 950; x_wconf 87' lang='lat' dir='ltr'>est:</span> <span class='ocrx_word' id='word_1_91' title='bbox 536 918 569 950; x_wconf 86' lang='lat' dir='ltr'>de</span> <span class='ocrx_word' id='word_1_92' title='bbox 593 928 622 947; x_wconf 83' lang='lat' dir='ltr'>eo</span> <span class='ocrx_word' id='word_1_93' title='bbox 639 915 709 958; x_wconf 86' lang='lat' dir='ltr'>quod</span> <span class='ocrx_word' id='word_1_94' title='bbox 726 918 772 946; x_wconf 84' lang='lat' dir='ltr'>vir</span> <span class='ocrx_word' id='word_1_95' title='bbox 787 912 822 948; x_wconf 85' lang='lat'><em>&amp;</em></span> <span class='ocrx_word' id='word_1_96' title='bbox 850 915 947 945; x_wconf 87' lang='lat' dir='ltr'>mulier</span> <span class='ocrx_word' id='word_1_97' title='bbox 970 915 1055 952; x_wconf 83' lang='lat' dir='ltr'>fimul</span> 
     </span>
     <span class='ocr_line' id='line_1_18' title="bbox 315 963 1053 1010; baseline -0.005 -13"><span class='ocrx_word' id='word_1_98' title='bbox 315 967 510 1010; x_wconf 79' lang='lat' dir='ltr'>conqussterint,</span> <span class='ocrx_word' id='word_1_99' title='bbox 531 965 627 999; x_wconf 71' lang='lat' dir='ltr'>mulier</span> <span class='ocrx_word' id='word_1_100' title='bbox 643 963 760 995; x_wconf 78' lang='lat' dir='ltr'>mediam</span> <span class='ocrx_word' id='word_1_101' title='bbox 774 966 919 1006; x_wconf 84' lang='lat' dir='ltr'>portionem</span> <span class='ocrx_word' id='word_1_102' title='bbox 932 966 1053 1006; x_wconf 78' lang='lat' dir='ltr'>accipiat.</span> 
     </span>
     <span class='ocr_line' id='line_1_19' title="bbox 317 1008 1053 1057; baseline -0.004 -11"><span class='ocrx_word' id='word_1_103' title='bbox 317 1009 513 1057; x_wconf 81' lang='lat' dir='ltr'>Longobardi</span> <span class='ocrx_word' id='word_1_104' title='bbox 521 1009 569 1044; x_wconf 89' lang='lat' dir='ltr'>lib.</span> <span class='ocrx_word' id='word_1_105' title='bbox 582 1022 613 1044; x_wconf 89' lang='lat'>2.</span> <span class='ocrx_word' id='word_1_106' title='bbox 625 1008 693 1048; x_wconf 87' lang='lat' dir='ltr'>Tit.</span> <span class='ocrx_word' id='word_1_107' title='bbox 705 1019 739 1054; x_wconf 90' lang='lat'>4.</span> <span class='ocrx_word' id='word_1_108' title='bbox 756 1008 774 1043; x_wconf 94' lang='lat' dir='ltr'>l.</span> <span class='ocrx_word' id='word_1_109' title='bbox 790 1022 817 1043; x_wconf 85' lang='lat'>1.</span> <span class='ocrx_word' id='word_1_110' title='bbox 837 1021 869 1042; x_wconf 81' lang='lat' dir='ltr'>ut</span> <span class='ocrx_word' id='word_1_111' title='bbox 883 1022 934 1042; x_wconf 85' lang='lat' dir='ltr'>non</span> <span class='ocrx_word' id='word_1_112' title='bbox 941 1012 982 1050; x_wconf 86' lang='lat' dir='ltr'>fit</span> <span class='ocrx_word' id='word_1_113' title='bbox 994 1023 1053 1043; x_wconf 83' lang='lat' dir='ltr'>am-</span> 
     </span>
     <span class='ocr_line' id='line_1_20' title="bbox 312 1058 1054 1105; baseline -0.003 -13"><span class='ocrx_word' id='word_1_114' title='bbox 312 1064 383 1105; x_wconf 76' lang='lat' dir='ltr'>plius</span> <span class='ocrx_word' id='word_1_115' title='bbox 400 1061 452 1099; x_wconf 75' lang='lat' dir='ltr'>mfi</span> <span class='ocrx_word' id='word_1_116' title='bbox 466 1069 563 1102; x_wconf 80' lang='lat' dir='ltr'>quarta</span> <span class='ocrx_word' id='word_1_117' title='bbox 572 1070 637 1103; x_wconf 82' lang='lat' dir='ltr'>pars</span> <span class='ocrx_word' id='word_1_118' title='bbox 654 1059 686 1091; x_wconf 87' lang='lat' dir='ltr'>de</span> <span class='ocrx_word' id='word_1_119' title='bbox 702 1063 798 1092; x_wconf 84' lang='lat' dir='ltr'>mariti</span> <span class='ocrx_word' id='word_1_120' title='bbox 809 1058 972 1100; x_wconf 70' lang='lat' dir='ltr'>fitlstantia.</span> <span class='ocrx_word' id='word_1_121' title='bbox 986 1058 1054 1091; x_wconf 89' lang='lat' dir='ltr'>Ne-</span> 
     </span>
     <span class='ocr_line' id='line_1_21' title="bbox 317 1105 1055 1153; baseline 0 -13"><span class='ocrx_word' id='word_1_122' title='bbox 317 1106 457 1153; x_wconf 85' lang='lat' dir='ltr'>apolitani</span> <span class='ocrx_word' id='word_1_123' title='bbox 471 1105 599 1139; x_wconf 89' lang='lat' dir='ltr'>&amp;Siculi</span> <span class='ocrx_word' id='word_1_124' title='bbox 613 1105 660 1140; x_wconf 87' lang='lat' dir='ltr'>lib.</span> <span class='ocrx_word' id='word_1_125' title='bbox 678 1118 707 1153; x_wconf 86' lang='lat'>3.</span> <span class='ocrx_word' id='word_1_126' title='bbox 730 1106 798 1140; x_wconf 87' lang='lat' dir='ltr'>Tit.</span> <span class='ocrx_word' id='word_1_127' title='bbox 816 1116 870 1151; x_wconf 83' lang='lat'>14.</span> <span class='ocrx_word' id='word_1_128' title='bbox 898 1116 932 1139; x_wconf 93' lang='lat' dir='ltr'>ut</span> <span class='ocrx_word' id='word_1_129' title='bbox 955 1105 992 1140; x_wconf 87' lang='lat' dir='ltr'>de</span> <span class='ocrx_word' id='word_1_130' title='bbox 1004 1107 1055 1141; x_wconf 88' lang='lat' dir='ltr'>tri-</span> 
     </span>
     <span class='ocr_line' id='line_1_22' title="bbox 316 1151 1054 1200; baseline 0.001 -14"><span class='ocrx_word' id='word_1_131' title='bbox 316 1155 370 1187; x_wconf 83' lang='lat' dir='ltr'>bus</span> <span class='ocrx_word' id='word_1_132' title='bbox 387 1151 496 1195; x_wconf 80' lang='lat' dir='ltr'>feudis,</span> <span class='ocrx_word' id='word_1_133' title='bbox 518 1166 632 1197; x_wconf 72' lang='lat' dir='ltr'>unum,</span> <span class='ocrx_word' id='word_1_134' title='bbox 656 1153 694 1188; x_wconf 91' lang='lat' dir='ltr'>de</span> <span class='ocrx_word' id='word_1_135' title='bbox 719 1153 846 1196; x_wconf 84' lang='lat' dir='ltr'>duobus,</span> <span class='ocrx_word' id='word_1_136' title='bbox 862 1155 950 1189; x_wconf 85' lang='lat' dir='ltr'>tertia</span> <span class='ocrx_word' id='word_1_137' title='bbox 968 1167 1054 1200; x_wconf 84' lang='lat' dir='ltr'>pars:</span> 
     </span>
     <span class='ocr_line' id='line_1_23' title="bbox 313 1201 1055 1243; baseline 0.003 -9"><span class='ocrx_word' id='word_1_138' title='bbox 313 1201 353 1234; x_wconf 89' lang='lat' dir='ltr'>de</span> <span class='ocrx_word' id='word_1_139' title='bbox 371 1213 431 1235; x_wconf 88' lang='lat' dir='ltr'>uno</span> <span class='ocrx_word' id='word_1_140' title='bbox 445 1205 475 1235; x_wconf 87' lang='lat'>&amp;</span> <span class='ocrx_word' id='word_1_141' title='bbox 486 1201 623 1243; x_wconf 83' lang='lat' dir='ltr'>dimidio,</span> <span class='ocrx_word' id='word_1_142' title='bbox 639 1202 801 1238; x_wconf 86' lang='lat' dir='ltr'>dimidium</span> <span class='ocrx_word' id='word_1_143' title='bbox 814 1219 824 1234; x_wconf 95' lang='grc'>.-</span> <span class='ocrx_word' id='word_1_144' title='bbox 854 1202 894 1236; x_wconf 89' lang='lat' dir='ltr'>de</span> <span class='ocrx_word' id='word_1_145' title='bbox 913 1215 975 1236; x_wconf 90' lang='lat' dir='ltr'>uno</span> <span class='ocrx_word' id='word_1_146' title='bbox 989 1213 1055 1236; x_wconf 81' lang='lat' dir='ltr'>tan—</span> 
     </span>
     <span class='ocr_line' id='line_1_24' title="bbox 314 1248 1053 1298; baseline 0.003 -16"><span class='ocrx_word' id='word_1_147' title='bbox 314 1248 392 1290; x_wconf 69' lang='lat' dir='ltr'>tum,</span> <span class='ocrx_word' id='word_1_148' title='bbox 415 1262 482 1295; x_wconf 86' lang='lat' dir='ltr'>pars</span> <span class='ocrx_word' id='word_1_149' title='bbox 503 1249 596 1292; x_wconf 85' lang='lat' dir='ltr'>nulla,</span> <span class='ocrx_word' id='word_1_150' title='bbox 612 1250 660 1285; x_wconf 90' lang='lat' dir='ltr'>sed</span> <span class='ocrx_word' id='word_1_151' title='bbox 678 1252 804 1298; x_wconf 87' lang='lat' dir='ltr'>pecunia</span> <span class='ocrx_word' id='word_1_152' title='bbox 825 1263 882 1296; x_wconf 90' lang='lat' dir='ltr'>pro</span> <span class='ocrx_word' id='word_1_153' title='bbox 912 1250 1053 1297; x_wconf 72' lang='lat' dir='ltr'>qualitate</span> 
     </span>
     <span class='ocr_line' id='line_1_25' title="bbox 312 1294 913 1339; baseline 0.002 -8"><span class='ocrx_word' id='word_1_154' title='bbox 312 1294 406 1338; x_wconf 85' lang='lat' dir='ltr'>feudi,</span> <span class='ocrx_word' id='word_1_155' title='bbox 417 1299 504 1333; x_wconf 88' lang='lat' dir='ltr'>uxori</span> <span class='ocrx_word' id='word_1_156' title='bbox 512 1299 542 1333; x_wconf 91' lang='lat' dir='ltr'>in</span> <span class='ocrx_word' id='word_1_157' title='bbox 551 1305 695 1339; x_wconf 68' lang='lat' dir='ltr'>notarium</span> <span class='ocrx_word' id='word_1_158' title='bbox 710 1297 913 1339; x_wconf 85' lang='lat' dir='ltr'>constituatur.</span> 
     </span>
     <span class='ocr_line' id='line_1_26' title="bbox 362 1344 1053 1381; baseline 0.001 -2"><span class='ocrx_word' id='word_1_159' title='bbox 362 1345 493 1380; x_wconf 89' lang='lat' dir='ltr'>Videtur</span> <span class='ocrx_word' id='word_1_160' title='bbox 511 1347 603 1380; x_wconf 86' lang='lat' dir='ltr'>etiam</span> <span class='ocrx_word' id='word_1_161' title='bbox 634 1359 673 1380; x_wconf 87' lang='lat' dir='ltr'>ex</span> <span class='ocrx_word' id='word_1_162' title='bbox 703 1347 793 1380; x_wconf 87' lang='lat' dir='ltr'>variis</span> <span class='ocrx_word' id='word_1_163' title='bbox 821 1344 961 1381; x_wconf 84' lang='lat' dir='ltr'>formulis</span> <span class='ocrx_word' id='word_1_164' title='bbox 978 1347 1053 1380; x_wconf 87' lang='lat' dir='ltr'>anti-</span> 
     </span>
     <span class='ocr_line' id='line_1_27' title="bbox 312 1392 1055 1440; baseline 0.003 -14"><span class='ocrx_word' id='word_1_165' title='bbox 312 1393 379 1440; x_wconf 86' lang='lat' dir='ltr'>quis</span> <span class='ocrx_word' id='word_1_166' title='bbox 391 1418 402 1434; x_wconf 97' lang='lat'>,</span> <span class='ocrx_word' id='word_1_167' title='bbox 428 1395 516 1427; x_wconf 83' lang='lat' dir='ltr'>variis</span> <span class='ocrx_word' id='word_1_168' title='bbox 541 1395 572 1428; x_wconf 89' lang='lat' dir='ltr'>in</span> <span class='ocrx_word' id='word_1_169' title='bbox 589 1394 661 1428; x_wconf 89' lang='lat' dir='ltr'>locis</span> <span class='ocrx_word' id='word_1_170' title='bbox 691 1395 721 1428; x_wconf 89' lang='lat' dir='ltr'>in</span> <span class='ocrx_word' id='word_1_171' title='bbox 739 1394 863 1428; x_wconf 86' lang='lat' dir='ltr'>arbitrio</span> <span class='ocrx_word' id='word_1_172' title='bbox 882 1395 939 1428; x_wconf 87' lang='lat' dir='ltr'>viri</span> <span class='ocrx_word' id='word_1_173' title='bbox 958 1392 1055 1436; x_wconf 80' lang='lat' dir='ltr'>fuiffe,</span> 
     </span>
     <span class='ocr_line' id='line_1_28' title="bbox 312 1441 1054 1489; baseline 0.004 -15"><span class='ocrx_word' id='word_1_174' title='bbox 312 1451 432 1475; x_wconf 84' lang='lat' dir='ltr'>tantum</span> <span class='ocrx_word' id='word_1_175' title='bbox 450 1441 523 1476; x_wconf 83' lang='lat' dir='ltr'>dare</span> <span class='ocrx_word' id='word_1_176' title='bbox 541 1452 691 1489; x_wconf 84' lang='lat' dir='ltr'>quantum</span> <span class='ocrx_word' id='word_1_177' title='bbox 717 1442 862 1476; x_wconf 85' lang='lat' dir='ltr'>voluerat.</span> <span class='ocrx_word' id='word_1_178' title='bbox 896 1442 1054 1478; x_wconf 82' lang='lat' dir='ltr'>Nostrates</span> 
     </span>
     <span class='ocr_line' id='line_1_29' title="bbox 312 1489 1054 1537; baseline 0.004 -15"><span class='ocrx_word' id='word_1_179' title='bbox 312 1489 389 1523; x_wconf 71' lang='lat' dir='ltr'>vero</span> <span class='ocrx_word' id='word_1_180' title='bbox 401 1492 434 1524; x_wconf 74' lang='grc' dir='ltr'>ὃ(</span> <span class='ocrx_word' id='word_1_181' title='bbox 452 1490 534 1525; x_wconf 88' lang='lat' dir='ltr'>Scoti</span> <span class='ocrx_word' id='word_1_182' title='bbox 547 1491 617 1537; x_wconf 87' lang='lat' dir='ltr'>(pro</span> <span class='ocrx_word' id='word_1_183' title='bbox 634 1503 720 1525; x_wconf 90' lang='lat' dir='ltr'>more</span> <span class='ocrx_word' id='word_1_184' title='bbox 738 1489 922 1534; x_wconf 84' lang='lat' dir='ltr'>Siculorum)</span> <span class='ocrx_word' id='word_1_185' title='bbox 935 1492 1054 1526; x_wconf 79' lang='lat' dir='ltr'>tertiam</span> 
     </span>
     <span class='ocr_line' id='line_1_30' title="bbox 314 1536 1054 1587; baseline 0.004 -16"><span class='ocrx_word' id='word_1_186' title='bbox 314 1536 449 1578; x_wconf 84' lang='lat' dir='ltr'>statuere.</span> <span class='ocrx_word' id='word_1_187' title='bbox 476 1540 623 1573; x_wconf 80' lang='lat' dir='ltr'>Cantiani</span> <span class='ocrx_word' id='word_1_188' title='bbox 638 1550 740 1580; x_wconf 73' lang='lat' dir='ltr'>tamen</span> <span class='ocrx_word' id='word_1_189' title='bbox 757 1542 795 1574; x_wconf 63' lang='lat'>8(</span> <span class='ocrx_word' id='word_1_190' title='bbox 812 1539 903 1586; x_wconf 83' lang='lat' dir='ltr'>burgi</span> <span class='ocrx_word' id='word_1_191' title='bbox 918 1539 1054 1587; x_wconf 87' lang='lat' dir='ltr'>quidam,</span> 
     </span>
     <span class='ocr_line' id='line_1_31' title="bbox 314 1585 1054 1628; baseline 0.004 -10"><span class='ocrx_word' id='word_1_192' title='bbox 314 1585 509 1622; x_wconf 80' lang='lat' dir='ltr'>medietatem</span> <span class='ocrx_word' id='word_1_193' title='bbox 527 1585 695 1623; x_wconf 75' lang='lat' dir='ltr'>conferunt.</span> <span class='ocrx_word' id='word_1_194' title='bbox 709 1587 813 1628; x_wconf 82' lang='lat' dir='ltr'>Qod</span> <span class='ocrx_word' id='word_1_195' title='bbox 833 1589 924 1622; x_wconf 84' lang='lat' dir='ltr'>etiarn</span> <span class='ocrx_word' id='word_1_196' title='bbox 941 1586 1054 1621; x_wconf 83' lang='lat' dir='ltr'>faciunt</span> 
     </span>
     <span class='ocr_line' id='line_1_32' title="bbox 314 1634 1054 1682; baseline 0.003 -15"><span class='ocrx_word' id='word_1_197' title='bbox 314 1635 477 1681; x_wconf 86' lang='lat' dir='ltr'>municipia</span> <span class='ocrx_word' id='word_1_198' title='bbox 494 1635 635 1682; x_wconf 87' lang='lat' dir='ltr'>quaedam</span> <span class='ocrx_word' id='word_1_199' title='bbox 647 1635 811 1676; x_wconf 85' lang='lat' dir='ltr'>Gallica‚ut</span> <span class='ocrx_word' id='word_1_200' title='bbox 823 1648 896 1669; x_wconf 80' lang='lat' dir='ltr'>mox</span> <span class='ocrx_word' id='word_1_201' title='bbox 922 1634 1054 1682; x_wconf 77' lang='lat' dir='ltr'><strong>liquebit.</strong></span> 
     </span>
     <span class='ocr_line' id='line_1_33' title="bbox 367 1683 1056 1726; baseline 0.001 -10"><span class='ocrx_word' id='word_1_202' title='bbox 367 1689 520 1726; x_wconf 63' lang='lat' dir='ltr'>Dmrium,</span> <span class='ocrx_word' id='word_1_203' title='bbox 539 1687 572 1719; x_wconf 75' lang='grc' dir='ltr'>ὅ(</span> <span class='ocrx_word' id='word_1_204' title='bbox 597 1686 735 1724; x_wconf 75' lang='lat' dir='ltr'>donarium</span> <span class='ocrx_word' id='word_1_205' title='bbox 760 1683 901 1717; x_wconf 85' lang='lat' dir='ltr'>dicuntur</span> <span class='ocrx_word' id='word_1_206' title='bbox 931 1683 949 1718; x_wconf 68' lang='grc' dir='ltr'>ὲ.</span> <span class='ocrx_word' id='word_1_207' title='bbox 974 1684 1056 1718; x_wconf 84' lang='lat' dir='ltr'><strong>Gall.</strong></span> 
     </span>
     <span class='ocr_line' id='line_1_34' title="bbox 317 1732 1055 1778; baseline 0.011 -14"><span class='ocrx_word' id='word_1_208' title='bbox 317 1737 447 1773; x_wconf 78' lang='lat' dir='ltr'>Douas&#39;re,</span> <span class='ocrx_word' id='word_1_209' title='bbox 458 1732 537 1766; x_wconf 91' lang='lat' dir='ltr'>unde</span> <span class='ocrx_word' id='word_1_210' title='bbox 553 1733 646 1767; x_wconf 85' lang='lat' dir='ltr'>etiam</span> <span class='ocrx_word' id='word_1_211' title='bbox 658 1732 750 1778; x_wconf 88' lang='lat' dir='ltr'>Angl.</span> <span class='ocrx_word' id='word_1_212' title='bbox 775 1740 876 1771; x_wconf 55' lang='lat' dir='ltr'>Donat</span> <span class='ocrx_word' id='word_1_213' title='bbox 889 1741 914 1767; x_wconf 85' lang='lat'>&amp;</span> <span class='ocrx_word' id='word_1_214' title='bbox 935 1737 1055 1772; x_wconf 71' lang='lat' dir='ltr'>nuntie.</span> 
     </span>
     <span class='ocr_line' id='line_1_35' title="bbox 318 1781 1055 1822; baseline 0.004 -9"><span class='ocrx_word' id='word_1_215' title='bbox 318 1781 480 1821; x_wconf 87' lang='lat' dir='ltr'>Dodarium,</span> <span class='ocrx_word' id='word_1_216' title='bbox 502 1785 658 1822; x_wconf 65' lang='lat' dir='ltr'>Dumium,</span> <span class='ocrx_word' id='word_1_217' title='bbox 680 1784 712 1813; x_wconf 92' lang='lat'>&amp;</span> <span class='ocrx_word' id='word_1_218' title='bbox 735 1785 913 1821; x_wconf 76' lang='lat' dir='ltr'>Dotalitium,</span> <span class='ocrx_word' id='word_1_219' title='bbox 936 1782 974 1815; x_wconf 88' lang='lat' dir='ltr'>ab</span> <span class='ocrx_word' id='word_1_220' title='bbox 998 1784 1055 1816; x_wconf 80' lang='lat' dir='ltr'>[ta-</span> 
     </span>
    </p>
   </div>
   <div class='ocr_carea' id='block_1_6' title="bbox 376 455 473 462">
    <p class='ocr_par' dir='ltr' id='par_1_6' title="bbox 376 455 473 462">
     <span class='ocr_line' id='line_1_36' title="bbox 376 455 473 462; baseline 0 0"><span class='ocrx_word' id='word_1_221' title='bbox 376 455 473 462; x_wconf 95' lang='lat' dir='ltr'> </span> 
     </span>
    </p>
   </div>
   <div class='ocr_carea' id='block_1_7' title="bbox 86 1678 224 1710">
    <p class='ocr_par' dir='ltr' id='par_1_7' title="bbox 86 1678 224 1710">
     <span class='ocr_line' id='line_1_37' title="bbox 86 1678 224 1710; baseline 0.029 -4"><span class='ocrx_word' id='word_1_222' title='bbox 86 1678 224 1710; x_wconf 59' lang='lat' dir='ltr'>Durium„</span> 
     </span>
    </p>
   </div>
   <div class='ocr_carea' id='block_1_8' title="bbox 308 1827 1058 3480">
    <p class='ocr_par' dir='ltr' id='par_1_8' title="bbox 315 1827 1054 1909">
     <span class='ocr_line' id='line_1_38' title="bbox 317 1827 1054 1867; baseline 0.005 -7"><span class='ocrx_word' id='word_1_223' title='bbox 317 1827 376 1861; x_wconf 92' lang='lat' dir='ltr'>lico</span> <span class='ocrx_word' id='word_1_224' title='bbox 394 1828 506 1863; x_wconf 88' lang='lat' dir='ltr'>Latino</span> <span class='ocrx_word' id='word_1_225' title='bbox 523 1831 582 1862; x_wconf 83' lang='lat' dir='ltr'>dote</span> <span class='ocrx_word' id='word_1_226' title='bbox 600 1831 632 1862; x_wconf 91' lang='lat'>&amp;</span> <span class='ocrx_word' id='word_1_227' title='bbox 650 1831 743 1867; x_wconf 78' lang='lat' dir='ltr'>dotale.</span> <span class='ocrx_word' id='word_1_228' title='bbox 779 1830 828 1864; x_wconf 91' lang='lat' dir='ltr'>En</span> <span class='ocrx_word' id='word_1_229' title='bbox 845 1831 985 1864; x_wconf 86' lang='lat' dir='ltr'>omnium</span> <span class='ocrx_word' id='word_1_230' title='bbox 1003 1843 1054 1864; x_wconf 81' lang='lat' dir='ltr'>ex-</span> 
     </span>
     <span class='ocr_line' id='line_1_39' title="bbox 315 1875 423 1909; baseline 0.009 -1"><span class='ocrx_word' id='word_1_231' title='bbox 315 1887 365 1908; x_wconf 87' lang='lat' dir='ltr'>em</span> <span class='ocrx_word' id='word_1_232' title='bbox 388 1875 423 1909; x_wconf 87' lang='lat' dir='ltr'>la.</span> 
     </span>
    </p>

    <p class='ocr_par' dir='ltr' id='par_1_9' title="bbox 315 1888 1056 2258">
     <span class='ocr_line' id='line_1_40' title="bbox 359 1888 1054 1972; baseline 0.006 -15"><span class='ocrx_word' id='word_1_233' title='bbox 359 1888 492 1958; x_wconf 59' lang='lat' dir='ltr'>goarium</span> <span class='ocrx_word' id='word_1_234' title='bbox 521 1925 677 1972; x_wconf 82' lang='lat' dir='ltr'>Choppin.</span> <span class='ocrx_word' id='word_1_235' title='bbox 711 1924 749 1960; x_wconf 88' lang='lat' dir='ltr'>de</span> <span class='ocrx_word' id='word_1_236' title='bbox 779 1925 924 1961; x_wconf 86' lang='lat' dir='ltr'>domanio</span> <span class='ocrx_word' id='word_1_237' title='bbox 949 1928 1054 1962; x_wconf 82' lang='lat' dir='ltr'>Franc.</span> 
     </span>
     <span class='ocr_line' id='line_1_41' title="bbox 316 1970 1050 2020; baseline 0.005 -15"><span class='ocrx_word' id='word_1_238' title='bbox 316 1970 366 2006; x_wconf 76' lang='lat' dir='ltr'>lib.</span> <span class='ocrx_word' id='word_1_239' title='bbox 395 1986 427 2008; x_wconf 87' lang='lat'>2.</span> <span class='ocrx_word' id='word_1_240' title='bbox 451 1973 520 2008; x_wconf 90' lang='lat' dir='ltr'>Tit.</span> <span class='ocrx_word' id='word_1_241' title='bbox 551 1987 564 2009; x_wconf 89' lang='lat'>1</span> <span class='ocrx_word' id='word_1_242' title='bbox 575 1988 606 2009; x_wconf 88' lang='lat'>2.</span> <span class='ocrx_word' id='word_1_243' title='bbox 624 1972 651 2020; x_wconf 83' lang='lat'>§.</span> <span class='ocrx_word' id='word_1_244' title='bbox 671 1974 703 2008; x_wconf 83' lang='lat'>6.</span> <span class='ocrx_word' id='word_1_245' title='bbox 738 1976 860 2008; x_wconf 80' lang='lat' dir='ltr'>Moribus</span> <span class='ocrx_word' id='word_1_246' title='bbox 889 1979 1050 2020; x_wconf 70' lang='lat' dir='ltr'>quorundmn</span> 
     </span>
     <span class='ocr_line' id='line_1_42' title="bbox 318 2023 1055 2068; baseline 0.005 -15"><span class='ocrx_word' id='word_1_247' title='bbox 318 2023 415 2055; x_wconf 82' lang='lat' dir='ltr'>Galliae</span> <span class='ocrx_word' id='word_1_248' title='bbox 426 2025 649 2068; x_wconf 62' lang='lat' dir='ltr'>Municzfflornm,</span> <span class='ocrx_word' id='word_1_249' title='bbox 671 2025 743 2056; x_wconf 80' lang='lat' dir='ltr'><em>cedit</em></span> <span class='ocrx_word' id='word_1_250' title='bbox 766 2025 882 2057; x_wconf 69' lang='lat' dir='ltr'>dimidia</span> <span class='ocrx_word' id='word_1_251' title='bbox 893 2031 1055 2068; x_wconf 64' lang='lat' dir='ltr'>patrimonii</span> 
     </span>
     <span class='ocr_line' id='line_1_43' title="bbox 315 2073 1055 2118; baseline 0.007 -17"><span class='ocrx_word' id='word_1_252' title='bbox 315 2075 425 2112; x_wconf 73' lang='lat' dir='ltr'>mariti,</span> <span class='ocrx_word' id='word_1_253' title='bbox 433 2074 592 2112; x_wconf 68' lang='lat' dir='ltr'>ftuHuaria</span> <span class='ocrx_word' id='word_1_254' title='bbox 605 2073 693 2105; x_wconf 75' lang='lat' dir='ltr'>viduae</span> <span class='ocrx_word' id='word_1_255' title='bbox 704 2074 813 2110; x_wconf 81' lang='lat' dir='ltr'>mulieri</span> <span class='ocrx_word' id='word_1_256' title='bbox 899 2075 968 2117; x_wconf 81' lang='lat' dir='ltr'>quod</span> <span class='ocrx_word' id='word_1_257' title='bbox 973 2085 1055 2118; x_wconf 84' lang='lat' dir='ltr'>popu-</span> 
     </span>
     <span class='ocr_line' id='line_1_44' title="bbox 315 2119 1056 2166; baseline 0.005 -16"><span class='ocrx_word' id='word_1_258' title='bbox 315 2119 410 2156; x_wconf 79' lang='lat' dir='ltr'>lariter</span> <span class='ocrx_word' id='word_1_259' title='bbox 434 2125 585 2162; x_wconf 77' lang='lat' dir='ltr'>boarium,</span> <span class='ocrx_word' id='word_1_260' title='bbox 613 2134 660 2153; x_wconf 84' lang='lat' dir='ltr'>ceu</span> <span class='ocrx_word' id='word_1_261' title='bbox 681 2124 845 2154; x_wconf 73' lang='lat' dir='ltr'>Dotalitium</span> <span class='ocrx_word' id='word_1_262' title='bbox 866 2133 1056 2166; x_wconf 81' lang='lat' dir='ltr'><em>nuncupamus.</em></span> 
     </span>
     <span class='ocr_line' id='line_1_45' title="bbox 317 2168 1055 2214; baseline 0.004 -16"><span class='ocrx_word' id='word_1_263' title='bbox 317 2170 382 2200; x_wconf 86' lang='lat' dir='ltr'><em>Tale</em></span> <span class='ocrx_word' id='word_1_264' title='bbox 399 2173 486 2213; x_wconf 54' lang='grc' dir='ltr'>ζῳων</span> <span class='ocrx_word' id='word_1_265' title='bbox 511 2175 642 2202; x_wconf 81' lang='lat' dir='ltr'>Doarium</span> <span class='ocrx_word' id='word_1_266' title='bbox 671 2171 683 2209; x_wconf 88' lang='lat'><em>(</em></span> <span class='ocrx_word' id='word_1_267' title='bbox 701 2174 790 2206; x_wconf 59' lang='lat' dir='ltr'>verius</span> <span class='ocrx_word' id='word_1_268' title='bbox 806 2183 887 2214; x_wconf 82' lang='lat' dir='ltr'>quam</span> <span class='ocrx_word' id='word_1_269' title='bbox 906 2168 924 2187; x_wconf 65' lang='lat'>&#39;³‘</span> <span class='ocrx_word' id='word_1_270' title='bbox 944 2172 1055 2208; x_wconf 59' lang='lat' dir='ltr'>wagio-</span> 
     </span>
     <span class='ocr_line' id='line_1_46' title="bbox 319 2213 748 2258; baseline 0.007 -11"><span class='ocrx_word' id='word_1_271' title='bbox 319 2223 370 2249; x_wconf 74' lang='grc' dir='ltr'>λιν</span> <span class='ocrx_word' id='word_1_272' title='bbox 384 2213 397 2257; x_wconf 86' lang='grc'>)</span> <span class='ocrx_word' id='word_1_273' title='bbox 421 2221 535 2251; x_wconf 80' lang='lat' dir='ltr'>Senatus</span> <span class='ocrx_word' id='word_1_274' title='bbox 551 2219 680 2258; x_wconf 81' lang='lat' dir='ltr'>decrevit,</span> <span class='ocrx_word' id='word_1_275' title='bbox 691 2220 748 2250; x_wconf 59' lang='lat' dir='ltr'>&amp;a</span> 
     </span>
    </p>

    <p class='ocr_par' dir='ltr' id='par_1_10' title="bbox 308 2263 1056 2749">
     <span class='ocr_line' id='line_1_47' title="bbox 365 2263 1056 2312; baseline 0.006 -16"><span class='ocrx_word' id='word_1_276' title='bbox 365 2269 523 2299; x_wconf 82' lang='lat' dir='ltr'>Douarium.</span> <span class='ocrx_word' id='word_1_277' title='bbox 563 2263 748 2300; x_wconf 85' lang='lat' dir='ltr'>Constitutio</span> <span class='ocrx_word' id='word_1_278' title='bbox 793 2264 925 2312; x_wconf 79' lang='lat' dir='ltr'>Philippi</span> <span class='ocrx_word' id='word_1_279' title='bbox 959 2266 1056 2311; x_wconf 87' lang='lat' dir='ltr'>Regis</span> 
     </span>
     <span class='ocr_line' id='line_1_48' title="bbox 319 2312 1055 2358; baseline 0.004 -14"><span class='ocrx_word' id='word_1_280' title='bbox 319 2312 426 2347; x_wconf 86' lang='lat' dir='ltr'>Franc.</span> <span class='ocrx_word' id='word_1_281' title='bbox 437 2314 496 2347; x_wconf 86' lang='lat' dir='ltr'>An.</span> <span class='ocrx_word' id='word_1_282' title='bbox 521 2326 534 2347; x_wconf 93' lang='lat'>1</span> <span class='ocrx_word' id='word_1_283' title='bbox 546 2326 562 2358; x_wconf 53' lang='grc' dir='ltr'>ζ</span> <span class='ocrx_word' id='word_1_284' title='bbox 574 2327 585 2347; x_wconf 96' lang='lat'>1</span> <span class='ocrx_word' id='word_1_285' title='bbox 596 2327 628 2358; x_wconf 86' lang='lat'>7.</span> <span class='ocrx_word' id='word_1_286' title='bbox 650 2314 727 2348; x_wconf 87' lang='lat' dir='ltr'>inter</span> <span class='ocrx_word' id='word_1_287' title='bbox 747 2313 924 2348; x_wconf 85' lang='lat' dir='ltr'>Guidonern</span> <span class='ocrx_word' id='word_1_288' title='bbox 941 2314 980 2348; x_wconf 86' lang='lat' dir='ltr'>de</span> <span class='ocrx_word' id='word_1_289' title='bbox 992 2315 1055 2347; x_wconf 89' lang='lat' dir='ltr'>Bri-</span> 
     </span>
     <span class='ocr_line' id='line_1_49' title="bbox 315 2358 1055 2397; baseline 0.003 -3"><span class='ocrx_word' id='word_1_290' title='bbox 315 2361 417 2395; x_wconf 83' lang='lat' dir='ltr'>tannia</span> <span class='ocrx_word' id='word_1_291' title='bbox 433 2363 466 2396; x_wconf 84' lang='lat'>&amp;</span> <span class='ocrx_word' id='word_1_292' title='bbox 485 2361 658 2397; x_wconf 61' lang='lat' dir='ltr'>Yt-abellam</span> <span class='ocrx_word' id='word_1_293' title='bbox 675 2358 830 2397; x_wconf 69' lang='lat' dir='ltr'>Ducissam</span> <span class='ocrx_word' id='word_1_294' title='bbox 847 2363 958 2396; x_wconf 85' lang='lat' dir='ltr'>Britan.</span> <span class='ocrx_word' id='word_1_295' title='bbox 975 2362 1055 2396; x_wconf 89' lang='lat' dir='ltr'>Hist.</span> 
     </span>
     <span class='ocr_line' id='line_1_50' title="bbox 316 2409 1056 2456; baseline 0.004 -14"><span class='ocrx_word' id='word_1_296' title='bbox 316 2409 470 2456; x_wconf 86' lang='lat' dir='ltr'>Bretaign.</span> <span class='ocrx_word' id='word_1_297' title='bbox 488 2409 538 2444; x_wconf 86' lang='lat' dir='ltr'>liv.</span> <span class='ocrx_word' id='word_1_298' title='bbox 553 2421 588 2456; x_wconf 91' lang='lat'>4.</span> <span class='ocrx_word' id='word_1_299' title='bbox 604 2423 647 2445; x_wconf 86' lang='lat' dir='ltr'>ca.</span> <span class='ocrx_word' id='word_1_300' title='bbox 666 2422 721 2456; x_wconf 81' lang='lat'>33.</span> <span class='ocrx_word' id='word_1_301' title='bbox 733 2411 823 2454; x_wconf 62' lang='lat' dir='ltr'>‚Qod</span> <span class='ocrx_word' id='word_1_302' title='bbox 833 2413 969 2451; x_wconf 80' lang='lat' dir='ltr'>Johannes</span> <span class='ocrx_word' id='word_1_303' title='bbox 985 2417 1056 2445; x_wconf 84' lang='lat' dir='ltr'>Dux</span> 
     </span>
     <span class='ocr_line' id='line_1_51' title="bbox 316 2459 1055 2501; baseline 0.004 -10"><span class='ocrx_word' id='word_1_304' title='bbox 316 2461 470 2492; x_wconf 78' lang='lat' dir='ltr'>Britanniae</span> <span class='ocrx_word' id='word_1_305' title='bbox 493 2463 713 2498; x_wconf 68' lang='lat' dir='ltr'>Vicecomitatum</span> <span class='ocrx_word' id='word_1_306' title='bbox 742 2460 956 2500; x_wconf 65' lang='lat' dir='ltr'>Lemovicenft’m</span> <span class='ocrx_word' id='word_1_307' title='bbox 969 2484 980 2501; x_wconf 89' lang='lat'><strong>‚</strong></span> <span class='ocrx_word' id='word_1_308' title='bbox 997 2459 1055 2495; x_wconf 61' lang='lat' dir='ltr'>&amp;cz</span> 
     </span>
     <span class='ocr_line' id='line_1_52' title="bbox 315 2505 1054 2551; baseline 0.005 -14"><span class='ocrx_word' id='word_1_309' title='bbox 315 2507 392 2539; x_wconf 64' lang='lat' dir='ltr'>‹1118ae</span> <span class='ocrx_word' id='word_1_310' title='bbox 408 2505 423 2550; x_wconf 87' lang='lat'><strong>(</strong></span> <span class='ocrx_word' id='word_1_311' title='bbox 435 2506 579 2547; x_wconf 71' lang='lat' dir='ltr'>Yfibellae</span> <span class='ocrx_word' id='word_1_312' title='bbox 596 2506 609 2551; x_wconf 89' lang='lat'>)</span> <span class='ocrx_word' id='word_1_313' title='bbox 630 2513 661 2541; x_wconf 85' lang='lat' dir='ltr'>in</span> <span class='ocrx_word' id='word_1_314' title='bbox 678 2511 766 2545; x_wconf 67' lang='lat' dir='ltr'>trafiu</span> <span class='ocrx_word' id='word_1_315' title='bbox 795 2514 965 2543; x_wconf 80' lang='lat' dir='ltr'>matrimonii</span> <span class='ocrx_word' id='word_1_316' title='bbox 982 2514 1054 2542; x_wconf 80' lang='lat' dir='ltr'>inter</span> 
     </span>
     <span class='ocr_line' id='line_1_53' title="bbox 313 2554 1055 2599; baseline 0.004 -12"><span class='ocrx_word' id='word_1_317' title='bbox 313 2556 379 2598; x_wconf 70' lang='lat' dir='ltr'>npsbs</span> <span class='ocrx_word' id='word_1_318' title='bbox 396 2560 500 2589; x_wconf 85' lang='lat' dir='ltr'><em>Ducem</em></span> <span class='ocrx_word' id='word_1_319' title='bbox 516 2554 551 2591; x_wconf 79' lang='lat'><em>&amp;</em></span> <span class='ocrx_word' id='word_1_320' title='bbox 564 2558 711 2599; x_wconf 37' lang='lat' dir='ltr'>ffibellamf</span> <span class='ocrx_word' id='word_1_321' title='bbox 719 2557 879 2599; x_wconf 71' lang='lat' dir='ltr'>celebrandi,</span> <span class='ocrx_word' id='word_1_322' title='bbox 901 2562 932 2590; x_wconf 78' lang='lat' dir='ltr'>in</span> <span class='ocrx_word' id='word_1_323' title='bbox 948 2559 1055 2590; x_wconf 82' lang='lat' dir='ltr'>douari-</span> 
     </span>
     <span class='ocr_line' id='line_1_54' title="bbox 315 2603 1055 2652; baseline 0.007 -17"><span class='ocrx_word' id='word_1_324' title='bbox 315 2616 363 2636; x_wconf 79' lang='lat' dir='ltr'>um</span> <span class='ocrx_word' id='word_1_325' title='bbox 372 2603 421 2643; x_wconf 69' lang='lat' dir='ltr'>stu</span> <span class='ocrx_word' id='word_1_326' title='bbox 438 2606 605 2643; x_wconf 81' lang='lat' dir='ltr'>donationem</span> <span class='ocrx_word' id='word_1_327' title='bbox 624 2617 732 2651; x_wconf 80' lang='lat' dir='ltr'>propter</span> <span class='ocrx_word' id='word_1_328' title='bbox 748 2611 867 2652; x_wconf 66' lang='lat' dir='ltr'>nuptias,</span> <span class='ocrx_word' id='word_1_329' title='bbox 888 2608 953 2639; x_wconf 82' lang='lat' dir='ltr'>olim</span> <span class='ocrx_word' id='word_1_330' title='bbox 969 2607 1055 2647; x_wconf 59' lang='lat' dir='ltr'>dedis:</span> 
     </span>
     <span class='ocr_line' id='line_1_55' title="bbox 308 2649 1052 2697; baseline 0.005 -13"><span class='ocrx_word' id='word_1_331' title='bbox 308 2652 359 2692; x_wconf 74' lang='lat' dir='ltr'>fit.</span> <span class='ocrx_word' id='word_1_332' title='bbox 383 2649 509 2687; x_wconf 82' lang='lat' dir='ltr'>Inferius</span> <span class='ocrx_word' id='word_1_333' title='bbox 516 2666 577 2688; x_wconf 90' lang='lat' dir='ltr'>non</span> <span class='ocrx_word' id='word_1_334' title='bbox 594 2655 683 2689; x_wconf 79' lang='lat' dir='ltr'>semel</span> <span class='ocrx_word' id='word_1_335' title='bbox 701 2670 710 2686; x_wconf 90' lang='lat'>.·</span> <span class='ocrx_word' id='word_1_336' title='bbox 746 2660 776 2688; x_wconf 72' lang='lat' dir='ltr'>in</span> <span class='ocrx_word' id='word_1_337' title='bbox 793 2656 931 2688; x_wconf 80' lang='lat' dir='ltr'>donarium</span> <span class='ocrx_word' id='word_1_338' title='bbox 941 2657 991 2697; x_wconf 64' lang='lat' dir='ltr'>seu</span> <span class='ocrx_word' id='word_1_339' title='bbox 1008 2657 1052 2688; x_wconf 85' lang='lat' dir='ltr'>do-</span> 
     </span>
     <span class='ocr_line' id='line_1_56' title="bbox 316 2705 704 2749; baseline 0.01 -17"><span class='ocrx_word' id='word_1_340' title='bbox 316 2705 453 2734; x_wconf 74' lang='lat' dir='ltr'>nationem</span> <span class='ocrx_word' id='word_1_341' title='bbox 464 2713 571 2747; x_wconf 79' lang='lat' dir='ltr'>propter</span> <span class='ocrx_word' id='word_1_342' title='bbox 588 2709 704 2749; x_wconf 82' lang='lat' dir='ltr'>nuptias.</span> 
     </span>
    </p>

    <p class='ocr_par' dir='ltr' id='par_1_11' title="bbox 315 2750 1054 2936">
     <span class='ocr_line' id='line_1_57' title="bbox 369 2750 1052 2799; baseline 0.004 -16"><span class='ocrx_word' id='word_1_343' title='bbox 369 2755 525 2791; x_wconf 74' lang='lat' dir='ltr'>Dotarinm.</span> <span class='ocrx_word' id='word_1_344' title='bbox 542 2751 718 2793; x_wconf 70' lang='lat' dir='ltr'>Constitutt.</span> <span class='ocrx_word' id='word_1_345' title='bbox 735 2750 843 2791; x_wconf 80' lang='lat' dir='ltr'>Siculae</span> <span class='ocrx_word' id='word_1_346' title='bbox 853 2754 885 2789; x_wconf 87' lang='lat'>&amp;</span> <span class='ocrx_word' id='word_1_347' title='bbox 896 2751 1052 2799; x_wconf 83' lang='lat' dir='ltr'>Neapolit.</span> 
     </span>
     <span class='ocr_line' id='line_1_58' title="bbox 316 2796 1052 2846; baseline 0.004 -14"><span class='ocrx_word' id='word_1_348' title='bbox 316 2796 367 2831; x_wconf 80' lang='lat' dir='ltr'>lib.</span> <span class='ocrx_word' id='word_1_349' title='bbox 381 2811 411 2844; x_wconf 85' lang='lat'>3.</span> <span class='ocrx_word' id='word_1_350' title='bbox 423 2798 492 2834; x_wconf 90' lang='lat' dir='ltr'>Tit.</span> <span class='ocrx_word' id='word_1_351' title='bbox 512 2810 566 2846; x_wconf 80' lang='lat'>14.</span> <span class='ocrx_word' id='word_1_352' title='bbox 583 2799 601 2835; x_wconf 94' lang='lat' dir='ltr'>l.</span> <span class='ocrx_word' id='word_1_353' title='bbox 620 2814 648 2835; x_wconf 89' lang='lat'>1.</span> <span class='ocrx_word' id='word_1_354' title='bbox 664 2806 761 2837; x_wconf 71' lang='lat' dir='ltr'>Liceat</span> <span class='ocrx_word' id='word_1_355' title='bbox 768 2806 794 2835; x_wconf 77' lang='lat' dir='ltr'>ei</span> <span class='ocrx_word' id='word_1_356' title='bbox 817 2799 953 2845; x_wconf 84' lang='lat' dir='ltr'>(marito)</span> <span class='ocrx_word' id='word_1_357' title='bbox 968 2816 1052 2844; x_wconf 70' lang='lat' dir='ltr'>unum</span> 
     </span>
     <span class='ocr_line' id='line_1_59' title="bbox 315 2849 1054 2893; baseline 0.007 -14"><span class='ocrx_word' id='word_1_358' title='bbox 315 2849 448 2881; x_wconf 75' lang='lat' dir='ltr'>datarium</span> <span class='ocrx_word' id='word_1_359' title='bbox 460 2855 542 2882; x_wconf 84' lang='lat' dir='ltr'>uxori</span> <span class='ocrx_word' id='word_1_360' title='bbox 557 2852 614 2890; x_wconf 64' lang='lat' dir='ltr'>fitae</span> <span class='ocrx_word' id='word_1_361' title='bbox 632 2852 663 2882; x_wconf 80' lang='lat' dir='ltr'>de</span> <span class='ocrx_word' id='word_1_362' title='bbox 682 2850 768 2889; x_wconf 66' lang='lat' dir='ltr'>tribus</span> <span class='ocrx_word' id='word_1_363' title='bbox 782 2852 875 2890; x_wconf 82' lang='lat' dir='ltr'>feudis</span> <span class='ocrx_word' id='word_1_364' title='bbox 892 2853 1054 2893; x_wconf 71' lang='lat' dir='ltr'>constituere.</span> 
     </span>
     <span class='ocr_line' id='line_1_60' title="bbox 316 2893 741 2936; baseline 0.012 -9"><span class='ocrx_word' id='word_1_365' title='bbox 316 2893 429 2933; x_wconf 86' lang='lat' dir='ltr'>Pluries</span> <span class='ocrx_word' id='word_1_366' title='bbox 440 2897 472 2931; x_wconf 85' lang='lat' dir='ltr'>in</span> <span class='ocrx_word' id='word_1_367' title='bbox 483 2896 537 2936; x_wconf 84' lang='lat' dir='ltr'>illo</span> <span class='ocrx_word' id='word_1_368' title='bbox 547 2898 616 2933; x_wconf 87' lang='lat' dir='ltr'>Tit.</span> <span class='ocrx_word' id='word_1_369' title='bbox 628 2902 661 2932; x_wconf 86' lang='lat'><strong>&amp;</strong></span> <span class='ocrx_word' id='word_1_370' title='bbox 670 2898 741 2932; x_wconf 65' lang='lat' dir='ltr'>aliis.</span> 
     </span>
    </p>

    <p class='ocr_par' dir='ltr' id='par_1_12' title="bbox 313 2944 1058 3480">
     <span class='ocr_line' id='line_1_61' title="bbox 365 2944 1055 2994; baseline 0.007 -16"><span class='ocrx_word' id='word_1_371' title='bbox 365 2946 522 2984; x_wconf 75' lang='lat' dir='ltr'>Dudarium.</span> <span class='ocrx_word' id='word_1_372' title='bbox 560 2947 676 2988; x_wconf 83' lang='lat' dir='ltr'>Charta</span> <span class='ocrx_word' id='word_1_373' title='bbox 695 2944 858 2980; x_wconf 80' lang='lat' dir='ltr'>Willielmi</span> <span class='ocrx_word' id='word_1_374' title='bbox 884 2947 980 2994; x_wconf 81' lang='lat' dir='ltr'>Regis</span> <span class='ocrx_word' id='word_1_375' title='bbox 1007 2948 1055 2989; x_wconf 75' lang='lat' dir='ltr'>Si-</span> 
     </span>
     <span class='ocr_line' id='line_1_62' title="bbox 313 2988 1054 3039; baseline 0.009 -15"><span class='ocrx_word' id='word_1_376' title='bbox 313 2988 390 3025; x_wconf 84' lang='lat' dir='ltr'>ciliae</span> <span class='ocrx_word' id='word_1_377' title='bbox 417 3003 513 3037; x_wconf 91' lang='lat' dir='ltr'>quam</span> <span class='ocrx_word' id='word_1_378' title='bbox 528 2991 600 3027; x_wconf 86' lang='lat' dir='ltr'>fecit</span> <span class='ocrx_word' id='word_1_379' title='bbox 612 2995 759 3039; x_wconf 86' lang='lat' dir='ltr'>Johannae</span> <span class='ocrx_word' id='word_1_380' title='bbox 775 2994 845 3030; x_wconf 82' lang='lat' dir='ltr'>filiae</span> <span class='ocrx_word' id='word_1_381' title='bbox 871 2996 996 3039; x_wconf 84' lang='lat' dir='ltr'>Henric.</span> <span class='ocrx_word' id='word_1_382' title='bbox 1017 2998 1054 3031; x_wconf 92' lang='grc' dir='ltr'>ΙΙ.</span> 
     </span>
     <span class='ocr_line' id='line_1_63' title="bbox 315 3038 1053 3090; baseline 0.011 -19"><span class='ocrx_word' id='word_1_383' title='bbox 315 3039 398 3084; x_wconf 80' lang='lat' dir='ltr'>Reg.</span> <span class='ocrx_word' id='word_1_384' title='bbox 420 3038 513 3085; x_wconf 88' lang='lat' dir='ltr'>Angl.</span> <span class='ocrx_word' id='word_1_385' title='bbox 532 3039 571 3073; x_wconf 91' lang='lat' dir='ltr'>de</span> <span class='ocrx_word' id='word_1_386' title='bbox 587 3041 658 3075; x_wconf 90' lang='lat' dir='ltr'>dote</span> <span class='ocrx_word' id='word_1_387' title='bbox 686 3043 737 3076; x_wconf 77' lang='lat' dir='ltr'>fua</span> <span class='ocrx_word' id='word_1_388' title='bbox 748 3043 830 3090; x_wconf 91' lang='lat' dir='ltr'>apud</span> <span class='ocrx_word' id='word_1_389' title='bbox 842 3043 1004 3079; x_wconf 85' lang='lat' dir='ltr'>Hoveden.</span> <span class='ocrx_word' id='word_1_390' title='bbox 1022 3045 1053 3087; x_wconf 88' lang='lat' dir='ltr'>in</span> 
     </span>
     <span class='ocr_line' id='line_1_64' title="bbox 318 3087 1054 3133; baseline 0.008 -13"><span class='ocrx_word' id='word_1_391' title='bbox 318 3089 378 3121; x_wconf 81' lang='lat' dir='ltr'>An.</span> <span class='ocrx_word' id='word_1_392' title='bbox 403 3100 416 3121; x_wconf 89' lang='lat'>1</span> <span class='ocrx_word' id='word_1_393' title='bbox 430 3100 443 3121; x_wconf 86' lang='lat'><strong>1</strong></span> <span class='ocrx_word' id='word_1_394' title='bbox 453 3088 511 3133; x_wconf 87' lang='lat'>76.</span> <span class='ocrx_word' id='word_1_395' title='bbox 533 3087 680 3131; x_wconf 72' lang='lat' dir='ltr'>Damus&amp;</span> <span class='ocrx_word' id='word_1_396' title='bbox 697 3096 727 3123; x_wconf 74' lang='lat' dir='ltr'>in</span> <span class='ocrx_word' id='word_1_397' title='bbox 738 3094 875 3130; x_wconf 71' lang='lat' dir='ltr'>dodqrium</span> <span class='ocrx_word' id='word_1_398' title='bbox 892 3096 1054 3127; x_wconf 69' lang='lat' dir='ltr'>concedimus</span> 
     </span>
     <span class='ocr_line' id='line_1_65' title="bbox 314 3139 1056 3183; baseline 0.007 -15"><span class='ocrx_word' id='word_1_399' title='bbox 314 3139 435 3181; x_wconf 73' lang='lat' dir='ltr'>praefatae</span> <span class='ocrx_word' id='word_1_400' title='bbox 465 3142 572 3183; x_wconf 75' lang='lat' dir='ltr'>Reginae</span> <span class='ocrx_word' id='word_1_401' title='bbox 593 3139 821 3182; x_wconf 79' lang='lat' dir='ltr'>Chrtstianiffimae</span> <span class='ocrx_word' id='word_1_402' title='bbox 845 3146 927 3177; x_wconf 72' lang='lat' dir='ltr'>uxori</span> <span class='ocrx_word' id='word_1_403' title='bbox 954 3143 1056 3182; x_wconf 69' lang='lat' dir='ltr'>nestrae,</span> 
     </span>
     <span class='ocr_line' id='line_1_66' title="bbox 321 3184 1055 3232; baseline 0.007 -15"><span class='ocrx_word' id='word_1_404' title='bbox 321 3189 487 3220; x_wconf 81' lang='lat' dir='ltr'><em>Comitatum</em></span> <span class='ocrx_word' id='word_1_405' title='bbox 504 3191 604 3220; x_wconf 83' lang='lat' dir='ltr'>montis</span> <span class='ocrx_word' id='word_1_406' title='bbox 627 3191 653 3220; x_wconf 82' lang='lat' dir='ltr'>S.</span> <span class='ocrx_word' id='word_1_407' title='bbox 667 3189 775 3232; x_wconf 86' lang='lat' dir='ltr'>Angeli,</span> <span class='ocrx_word' id='word_1_408' title='bbox 784 3184 841 3220; x_wconf 83' lang='lat' dir='ltr'>&amp;c.</span> <span class='ocrx_word' id='word_1_409' title='bbox 888 3188 930 3227; x_wconf 78' lang='lat' dir='ltr'>Et</span> <span class='ocrx_word' id='word_1_410' title='bbox 947 3188 978 3221; x_wconf 85' lang='lat' dir='ltr'>in</span> <span class='ocrx_word' id='word_1_411' title='bbox 996 3189 1055 3222; x_wconf 89' lang='lat' dir='ltr'>An.</span> 
     </span>
     <span class='ocr_line' id='line_1_67' title="bbox 327 3233 1057 3282; baseline 0.003 -15"><span class='ocrx_word' id='word_1_412' title='bbox 327 3245 340 3266; x_wconf 84' lang='lat'>1</span> <span class='ocrx_word' id='word_1_413' title='bbox 355 3246 366 3268; x_wconf 94' lang='lat'>1</span> <span class='ocrx_word' id='word_1_414' title='bbox 379 3233 396 3268; x_wconf 85' lang='lat'>8</span> <span class='ocrx_word' id='word_1_415' title='bbox 406 3247 434 3279; x_wconf 83' lang='lat'>3.</span> <span class='ocrx_word' id='word_1_416' title='bbox 458 3236 598 3281; x_wconf 72' lang='lat' dir='ltr'>Philippus</span> <span class='ocrx_word' id='word_1_417' title='bbox 615 3241 677 3277; x_wconf 76' lang='lat' dir='ltr'>Rex</span> <span class='ocrx_word' id='word_1_418' title='bbox 693 3241 785 3269; x_wconf 77' lang='lat' dir='ltr'>Franc.</span> <span class='ocrx_word' id='word_1_419' title='bbox 795 3240 879 3282; x_wconf 71' lang='lat' dir='ltr'>petiit</span> <span class='ocrx_word' id='word_1_420' title='bbox 897 3236 916 3269; x_wconf 73' lang='grc' dir='ltr'><em>ὰ</em></span> <span class='ocrx_word' id='word_1_421' title='bbox 933 3242 970 3269; x_wconf 87' lang='lat' dir='ltr'>D.</span> <span class='ocrx_word' id='word_1_422' title='bbox 982 3241 1057 3269; x_wconf 75' lang='lat' dir='ltr'>Hen-</span> 
     </span>
     <span class='ocr_line' id='line_1_68' title="bbox 320 3286 1055 3332; baseline 0.008 -19"><span class='ocrx_word' id='word_1_423' title='bbox 320 3286 374 3314; x_wconf 66' lang='lat' dir='ltr'>rico</span> <span class='ocrx_word' id='word_1_424' title='bbox 398 3288 468 3331; x_wconf 67' lang='lat' dir='ltr'>Rege</span> <span class='ocrx_word' id='word_1_425' title='bbox 488 3288 568 3331; x_wconf 64' lang='lat' dir='ltr'>Angl.</span> <span class='ocrx_word' id='word_1_426' title='bbox 596 3286 734 3332; x_wconf 60' lang='lat' dir='ltr'>dodanum</span> <span class='ocrx_word' id='word_1_427' title='bbox 752 3288 821 3330; x_wconf 81' lang='lat' dir='ltr'>quod</span> <span class='ocrx_word' id='word_1_428' title='bbox 838 3291 900 3327; x_wconf 62' lang='lat' dir='ltr'>Qx</span> <span class='ocrx_word' id='word_1_429' title='bbox 912 3287 986 3325; x_wconf 63' lang='lat' dir='ltr'>filius·</span> <span class='ocrx_word' id='word_1_430' title='bbox 1002 3299 1055 3330; x_wconf 75' lang='lat' dir='ltr'>ejus</span> 
     </span>
     <span class='ocr_line' id='line_1_69' title="bbox 319 3332 1056 3378; baseline 0.005 -16"><span class='ocrx_word' id='word_1_431' title='bbox 319 3332 428 3371; x_wconf 70' lang='lat' dir='ltr'>dederat</span> <span class='ocrx_word' id='word_1_432' title='bbox 439 3332 521 3370; x_wconf 81' lang='lat' dir='ltr'>sorori</span> <span class='ocrx_word' id='word_1_433' title='bbox 531 3333 594 3372; x_wconf 71' lang='lat' dir='ltr'>fiaeae.</span> <span class='ocrx_word' id='word_1_434' title='bbox 642 3333 682 3366; x_wconf 88' lang='lat' dir='ltr'>Et</span> <span class='ocrx_word' id='word_1_435' title='bbox 700 3334 731 3366; x_wconf 86' lang='lat' dir='ltr'>in</span> <span class='ocrx_word' id='word_1_436' title='bbox 750 3335 808 3368; x_wconf 86' lang='lat' dir='ltr'>An.</span> <span class='ocrx_word' id='word_1_437' title='bbox 826 3346 838 3368; x_wconf 86' lang='lat'>1</span> <span class='ocrx_word' id='word_1_438' title='bbox 852 3346 864 3368; x_wconf 91' lang='lat'>1</span> <span class='ocrx_word' id='word_1_439' title='bbox 876 3334 932 3369; x_wconf 85' lang='lat'>86.</span> <span class='ocrx_word' id='word_1_440' title='bbox 955 3336 1056 3378; x_wconf 86' lang='lat' dir='ltr'>Castel-</span> 
     </span>
     <span class='ocr_line' id='line_1_70' title="bbox 319 3381 1058 3426; baseline 0.008 -15"><span class='ocrx_word' id='word_1_441' title='bbox 319 3381 377 3418; x_wconf 71' lang='lat' dir='ltr'>lqm</span> <span class='ocrx_word' id='word_1_442' title='bbox 404 3383 551 3424; x_wconf 80' lang='lat' dir='ltr'><em>puellarum</em></span> <span class='ocrx_word' id='word_1_443' title='bbox 577 3384 648 3426; x_wconf 79' lang='lat' dir='ltr'>quod</span> <span class='ocrx_word' id='word_1_444' title='bbox 666 3384 738 3415; x_wconf 75' lang='lat' dir='ltr'>idem</span> <span class='ocrx_word' id='word_1_445' title='bbox 780 3389 841 3426; x_wconf 78' lang='lat' dir='ltr'>Rex</span> <span class='ocrx_word' id='word_1_446' title='bbox 869 3387 960 3417; x_wconf 82' lang='lat' dir='ltr'>Scotiae</span> <span class='ocrx_word' id='word_1_447' title='bbox 982 3385 1058 3416; x_wconf 78' lang='lat' dir='ltr'>dedit</span> 
     </span>
     <span class='ocr_line' id='line_1_71' title="bbox 320 3429 1058 3480; baseline 0.011 -21"><span class='ocrx_word' id='word_1_448' title='bbox 320 3430 490 3473; x_wconf 75' lang='lat' dir='ltr'>Ennengard</span> <span class='ocrx_word' id='word_1_449' title='bbox 501 3431 646 3470; x_wconf 72' lang='lat' dir='ltr'>uxom&#39;fine</span> <span class='ocrx_word' id='word_1_450' title='bbox 670 3436 701 3478; x_wconf 54' lang='lat' dir='ltr'>ajn</span> <span class='ocrx_word' id='word_1_451' title='bbox 725 3434 873 3480; x_wconf 65' lang='lat' dir='ltr'>dodanum,</span> <span class='ocrx_word' id='word_1_452' title='bbox 895 3429 931 3466; x_wconf 67' lang='lat'>&amp;⁷</span> <span class='ocrx_word' id='word_1_453' title='bbox 944 3437 974 3472; x_wconf 72' lang='lat' dir='ltr'>in</span> <span class='ocrx_word' id='word_1_454' title='bbox 991 3445 1058 3478; x_wconf 73' lang='lat' dir='ltr'><em>aug-2</em></span> 
     </span>
    </p>
   </div>
   <div class='ocr_carea' id='block_1_9' title="bbox 814 2089 896 2095">
    <p class='ocr_par' dir='ltr' id='par_1_13' title="bbox 814 2089 896 2095">
     <span class='ocr_line' id='line_1_72' title="bbox 814 2089 896 2095; baseline 0 0"><span class='ocrx_word' id='word_1_455' title='bbox 814 2089 896 2095; x_wconf 95' lang='lat' dir='ltr'> </span> 
     </span>
    </p>
   </div>
   <div class='ocr_carea' id='block_1_10' title="bbox 85 2162 302 2244">
    <p class='ocr_par' dir='ltr' id='par_1_14' title="bbox 85 2162 302 2244">
     <span class='ocr_line' id='line_1_73' title="bbox 90 2162 261 2194; baseline -0.006 0"><span class='ocrx_word' id='word_1_456' title='bbox 90 2167 109 2186; x_wconf 68' lang='lat'>¹</span> <span class='ocrx_word' id='word_1_457' title='bbox 119 2165 138 2194; x_wconf 76' lang='grc' dir='ltr'>ἰ.</span> <span class='ocrx_word' id='word_1_458' title='bbox 147 2162 261 2194; x_wconf 73' lang='lat' dir='ltr'>Donatio</span> 
     </span>
     <span class='ocr_line' id='line_1_74' title="bbox 85 2205 302 2244; baseline -0.009 -10"><span class='ocrx_word' id='word_1_459' title='bbox 85 2212 186 2244; x_wconf 67' lang='lat' dir='ltr'>propter</span> <span class='ocrx_word' id='word_1_460' title='bbox 193 2205 302 2241; x_wconf 69' lang='lat' dir='ltr'>nuptias.</span> 
     </span>
    </p>
   </div>
   <div class='ocr_carea' id='block_1_11' title="bbox 90 2269 244 2299">
    <p class='ocr_par' dir='ltr' id='par_1_15' title="bbox 90 2269 244 2299">
     <span class='ocr_line' id='line_1_75' title="bbox 90 2269 244 2299; baseline 0.006 -1"><span class='ocrx_word' id='word_1_461' title='bbox 90 2269 244 2299; x_wconf 77' lang='lat' dir='ltr'>Douarium.</span> 
     </span>
    </p>
   </div>
   <div class='ocr_carea' id='block_1_12' title="bbox 92 2752 238 2783">
    <p class='ocr_par' dir='ltr' id='par_1_16' title="bbox 92 2752 238 2783">
     <span class='ocr_line' id='line_1_76' title="bbox 92 2752 238 2783; baseline 0.007 -2"><span class='ocrx_word' id='word_1_462' title='bbox 92 2752 238 2783; x_wconf 73' lang='lat' dir='ltr'>Dumium.</span> 
     </span>
    </p>
   </div>
   <div class='ocr_carea' id='block_1_13' title="bbox 92 2945 240 2976">
    <p class='ocr_par' dir='ltr' id='par_1_17' title="bbox 92 2945 240 2976">
     <span class='ocr_line' id='line_1_77' title="bbox 92 2945 240 2976; baseline 0.007 -1"><span class='ocrx_word' id='word_1_463' title='bbox 92 2945 240 2976; x_wconf 73' lang='lat' dir='ltr'>Dodarium.</span> 
     </span>
    </p>
   </div>
   <div class='ocr_carea' id='block_1_14' title="bbox 1099 335 2018 621">
    <p class='ocr_par' dir='ltr' id='par_1_18' title="bbox 1099 335 2018 621">
     <span class='ocr_line' id='line_1_78' title="bbox 1100 335 1839 375; baseline 0.004 -8"><span class='ocrx_word' id='word_1_464' title='bbox 1100 347 1222 369; x_wconf 83' lang='lat' dir='ltr'>mentum</span> <span class='ocrx_word' id='word_1_465' title='bbox 1239 337 1354 375; x_wconf 69' lang='lat' dir='ltr'>dodam,</span> <span class='ocrx_word' id='word_1_466' title='bbox 1377 335 1452 367; x_wconf 79' lang='lat' dir='ltr'>dedic</span> <span class='ocrx_word' id='word_1_467' title='bbox 1471 339 1497 367; x_wconf 74' lang='lat' dir='ltr'>ei</span> <span class='ocrx_word' id='word_1_468' title='bbox 1507 346 1613 368; x_wconf 81' lang='lat' dir='ltr'>centum</span> <span class='ocrx_word' id='word_1_469' title='bbox 1631 335 1839 370; x_wconf 71' lang='lat' dir='ltr'>libratusreddz-</span> 
     </span>
     <span class='ocr_line' id='line_1_79' title="bbox 1099 394 1183 416; baseline 0 -2"><span class='ocrx_word' id='word_1_470' title='bbox 1099 394 1183 416; x_wconf 82' lang='lat' dir='ltr'>tuum.</span> 
     </span>
     <span class='ocr_line' id='line_1_80' title="bbox 1148 429 2018 480; baseline 0.005 -16"><span class='ocrx_word' id='word_1_471' title='bbox 1148 429 1429 477; x_wconf 78' lang='lat' dir='ltr'>DoealitiumSynod.</span> <span class='ocrx_word' id='word_1_472' title='bbox 1438 429 1589 465; x_wconf 71' lang='lat' dir='ltr'>Meldenfi</span> <span class='ocrx_word' id='word_1_473' title='bbox 1598 430 1649 464; x_wconf 77' lang='lat' dir='ltr'>sub</span> <span class='ocrx_word' id='word_1_474' title='bbox 1658 432 1741 466; x_wconf 86' lang='lat' dir='ltr'>initio</span> <span class='ocrx_word' id='word_1_475' title='bbox 1752 435 1837 480; x_wconf 83' lang='lat' dir='ltr'>regni</span> <span class='ocrx_word' id='word_1_476' title='bbox 1852 444 2018 477; x_wconf 42' lang='lat' dir='ltr'>Domitiam,</span> 
     </span>
     <span class='ocr_line' id='line_1_81' title="bbox 1101 478 1838 525; baseline 0.004 -12"><span class='ocrx_word' id='word_1_477' title='bbox 1101 479 1205 513; x_wconf 84' lang='lat' dir='ltr'>Caroli</span> <span class='ocrx_word' id='word_1_478' title='bbox 1222 479 1312 513; x_wconf 88' lang='lat' dir='ltr'>Calvi</span> <span class='ocrx_word' id='word_1_479' title='bbox 1334 479 1347 524; x_wconf 84' lang='lat'><strong>(</strong></span> <span class='ocrx_word' id='word_1_480' title='bbox 1361 479 1419 513; x_wconf 91' lang='lat' dir='ltr'>hoc</span> <span class='ocrx_word' id='word_1_481' title='bbox 1431 478 1487 521; x_wconf 88' lang='lat' dir='ltr'>est,</span> <span class='ocrx_word' id='word_1_482' title='bbox 1501 481 1557 513; x_wconf 89' lang='lat' dir='ltr'>An.</span> <span class='ocrx_word' id='word_1_483' title='bbox 1576 480 1681 525; x_wconf 85' lang='lat'><em>841.)</em></span> <span class='ocrx_word' id='word_1_484' title='bbox 1705 494 1767 515; x_wconf 68' lang='lat' dir='ltr'>can.</span> <span class='ocrx_word' id='word_1_485' title='bbox 1780 495 1800 516; x_wconf 92' lang='lat'><em>2</em></span> <span class='ocrx_word' id='word_1_486' title='bbox 1810 495 1838 516; x_wconf 79' lang='lat'>1:</span> 
     </span>
     <span class='ocr_line' id='line_1_82' title="bbox 1099 528 1839 573; baseline 0.004 -13"><span class='ocrx_word' id='word_1_487' title='bbox 1099 528 1166 572; x_wconf 44' lang='lat' dir='ltr'>&amp;Qui</span> <span class='ocrx_word' id='word_1_488' title='bbox 1177 531 1281 573; x_wconf 78' lang='lat' dir='ltr'>puellas</span> <span class='ocrx_word' id='word_1_489' title='bbox 1297 531 1534 571; x_wconf 82' lang='lat' dir='ltr'>—desponfionis</span> <span class='ocrx_word' id='word_1_490' title='bbox 1552 532 1597 560; x_wconf 78' lang='lat' dir='ltr'>vel</span> <span class='ocrx_word' id='word_1_491' title='bbox 1613 531 1735 562; x_wconf 83' lang='lat' dir='ltr'>dotalitii</span> <span class='ocrx_word' id='word_1_492' title='bbox 1753 537 1839 564; x_wconf 79' lang='lat' dir='ltr'>nomi-</span> 
     </span>
     <span class='ocr_line' id='line_1_83' title="bbox 1099 577 1839 621; baseline 0.005 -13"><span class='ocrx_word' id='word_1_493' title='bbox 1099 589 1133 608; x_wconf 86' lang='lat' dir='ltr'>ne</span> <span class='ocrx_word' id='word_1_494' title='bbox 1150 583 1181 608; x_wconf 61' lang='lat' dir='ltr'>in</span> <span class='ocrx_word' id='word_1_495' title='bbox 1210 581 1363 620; x_wconf 71' lang='lat' dir='ltr'>conjugium</span> <span class='ocrx_word' id='word_1_496' title='bbox 1374 578 1499 621; x_wconf 71' lang='lat' dir='ltr'>ficmptas</span> <span class='ocrx_word' id='word_1_497' title='bbox 1529 577 1625 610; x_wconf 81' lang='lat' dir='ltr'>hahent</span> <span class='ocrx_word' id='word_1_498' title='bbox 1641 602 1652 619; x_wconf 86' lang='lat'>,</span> <span class='ocrx_word' id='word_1_499' title='bbox 1675 578 1733 612; x_wconf 62' lang='lat' dir='ltr'>&amp;a</span> <span class='ocrx_word' id='word_1_500' title='bbox 1756 581 1839 613; x_wconf 87' lang='lat' dir='ltr'>Con-</span> 
     </span>
    </p>
   </div>
   <div class='ocr_carea' id='block_1_15' title="bbox 1102 622 1838 671">
    <p class='ocr_par' dir='ltr' id='par_1_19' title="bbox 1102 622 1838 671">
     <span class='ocr_line' id='line_1_84' title="bbox 1102 622 1838 671; baseline 0.008 -16"><span class='ocrx_word' id='word_1_501' title='bbox 1102 622 1149 656; x_wconf 79' lang='lat' dir='ltr'>cil.</span> <span class='ocrx_word' id='word_1_502' title='bbox 1165 622 1384 659; x_wconf 82' lang='lat' dir='ltr'>westmonast.</span> <span class='ocrx_word' id='word_1_503' title='bbox 1416 626 1475 659; x_wconf 87' lang='lat' dir='ltr'>An.</span> <span class='ocrx_word' id='word_1_504' title='bbox 1495 626 1555 659; x_wconf 89' lang='lat' dir='ltr'>Do.</span> <span class='ocrx_word' id='word_1_505' title='bbox 1579 637 1685 671; x_wconf 83' lang='lat'><em>1175.</em></span> <span class='ocrx_word' id='word_1_506' title='bbox 1715 639 1778 661; x_wconf 85' lang='lat' dir='ltr'>can.</span> <span class='ocrx_word' id='word_1_507' title='bbox 1809 628 1838 662; x_wconf 88' lang='lat'>8.</span> 
     </span>
    </p>
   </div>
   <div class='ocr_carea' id='block_1_16' title="bbox 1100 673 2013 1873">
    <p class='ocr_par' dir='ltr' id='par_1_20' title="bbox 1100 673 1837 763">
     <span class='ocr_line' id='line_1_85' title="bbox 1100 673 1837 713; baseline 0.008 -10"><span class='ocrx_word' id='word_1_508' title='bbox 1100 673 1179 703; x_wconf 84' lang='lat' dir='ltr'><em>Nulli</em></span> <span class='ocrx_word' id='word_1_509' title='bbox 1201 674 1283 704; x_wconf 79' lang='lat' dir='ltr'>liceat</span> <span class='ocrx_word' id='word_1_510' title='bbox 1308 676 1448 713; x_wconf 63' lang='lat' dir='ltr'>Ecclesiam</span> <span class='ocrx_word' id='word_1_511' title='bbox 1469 679 1574 707; x_wconf 76' lang='lat' dir='ltr'>nomine</span> <span class='ocrx_word' id='word_1_512' title='bbox 1591 677 1711 708; x_wconf 70' lang='lat' dir='ltr'>dotalitii</span> <span class='ocrx_word' id='word_1_513' title='bbox 1732 679 1770 709; x_wconf 85' lang='lat' dir='ltr'>ad</span> <span class='ocrx_word' id='word_1_514' title='bbox 1787 680 1837 709; x_wconf 76' lang='lat' dir='ltr'>ali-</span> 
     </span>
     <span class='ocr_line' id='line_1_86' title="bbox 1100 722 1341 763; baseline 0.004 -13"><span class='ocrx_word' id='word_1_515' title='bbox 1100 731 1179 763; x_wconf 80' lang='lat' dir='ltr'>quem</span> <span class='ocrx_word' id='word_1_516' title='bbox 1191 722 1341 759; x_wconf 63' lang='lat' dir='ltr'>tranfferre.</span> 
     </span>
    </p>

    <p class='ocr_par' dir='ltr' id='par_1_21' title="bbox 1100 762 2013 1283">
     <span class='ocr_line' id='line_1_87' title="bbox 1149 762 1843 813; baseline 0.01 -13"><span class='ocrx_word' id='word_1_517' title='bbox 1149 762 1409 810; x_wconf 60' lang='lat' dir='ltr'>ffDocumenta]</span> <span class='ocrx_word' id='word_1_518' title='bbox 1425 766 1569 809; x_wconf 79' lang='lat' dir='ltr'>Tabulae,</span> <span class='ocrx_word' id='word_1_519' title='bbox 1581 769 1715 813; x_wconf 75' lang='lat' dir='ltr'>Chartae,</span> <span class='ocrx_word' id='word_1_520' title='bbox 1731 770 1843 806; x_wconf 79' lang='lat' dir='ltr'>Instru-</span> 
     </span>
     <span class='ocr_line' id='line_1_88' title="bbox 1101 813 1842 860; baseline 0.009 -13"><span class='ocrx_word' id='word_1_521' title='bbox 1101 824 1214 855; x_wconf 81' lang='lat' dir='ltr'>menta,</span> <span class='ocrx_word' id='word_1_522' title='bbox 1226 814 1336 860; x_wconf 84' lang='lat' dir='ltr'>quibus</span> <span class='ocrx_word' id='word_1_523' title='bbox 1351 813 1400 860; x_wconf 85' lang='lat' dir='ltr'>jus</span> <span class='ocrx_word' id='word_1_524' title='bbox 1419 816 1599 859; x_wconf 67' lang='lat' dir='ltr'>praediorum</span> <span class='ocrx_word' id='word_1_525' title='bbox 1618 817 1762 854; x_wconf 85' lang='lat' dir='ltr'>firmatur.</span> <span class='ocrx_word' id='word_1_526' title='bbox 1780 822 1842 854; x_wconf 68' lang='lat' dir='ltr'>‹Da-</span> 
     </span>
     <span class='ocr_line' id='line_1_89' title="bbox 1100 859 1840 909; baseline 0.009 -14"><span class='ocrx_word' id='word_1_527' title='bbox 1100 861 1189 899; x_wconf 58' lang='grc' dir='ltr'>θτῖχᾳι.</span> <span class='ocrx_word' id='word_1_528' title='bbox 1203 859 1319 896; x_wconf 58' lang='grc' dir='ltr'><strong>(ΣοηεὶῙ.</strong></span> <span class='ocrx_word' id='word_1_529' title='bbox 1336 863 1503 909; x_wconf 70' lang='lat' dir='ltr'>Agathens]</span> <span class='ocrx_word' id='word_1_530' title='bbox 1512 876 1555 897; x_wconf 85' lang='lat' dir='ltr'>ca.</span> <span class='ocrx_word' id='word_1_531' title='bbox 1572 876 1602 909; x_wconf 76' lang='grc' dir='ltr'>ς.</span> <span class='ocrx_word' id='word_1_532' title='bbox 1626 866 1667 899; x_wconf 89' lang='lat' dir='ltr'>Et</span> <span class='ocrx_word' id='word_1_533' title='bbox 1679 868 1840 902; x_wconf 65' lang='lat' dir='ltr'>Bur-chard.</span> 
     </span>
     <span class='ocr_line' id='line_1_90' title="bbox 1100 910 1836 958; baseline 0.007 -14"><span class='ocrx_word' id='word_1_534' title='bbox 1100 910 1148 944; x_wconf 83' lang='lat' dir='ltr'>lib.</span> <span class='ocrx_word' id='word_1_535' title='bbox 1173 923 1252 957; x_wconf 77' lang='lat' dir='ltr'><strong>3.ca.</strong></span> <span class='ocrx_word' id='word_1_536' title='bbox 1276 925 1288 945; x_wconf 91' lang='lat'>1</span> <span class='ocrx_word' id='word_1_537' title='bbox 1300 910 1318 945; x_wconf 83' lang='lat'>8</span> <span class='ocrx_word' id='word_1_538' title='bbox 1328 924 1356 958; x_wconf 81' lang='lat'>3.</span> <span class='ocrx_word' id='word_1_539' title='bbox 1389 916 1420 944; x_wconf 79' lang='lat' dir='ltr'>Si</span> <span class='ocrx_word' id='word_1_540' title='bbox 1436 917 1498 956; x_wconf 78' lang='lat' dir='ltr'>quis</span> <span class='ocrx_word' id='word_1_541' title='bbox 1508 914 1540 944; x_wconf 80' lang='lat' dir='ltr'>de</span> <span class='ocrx_word' id='word_1_542' title='bbox 1557 915 1662 945; x_wconf 80' lang='lat' dir='ltr'>clericis</span> <span class='ocrx_word' id='word_1_543' title='bbox 1680 917 1836 950; x_wconf 77' lang='lat' dir='ltr'>documenta</span> 
     </span>
     <span class='ocr_line' id='line_1_91' title="bbox 1101 961 1842 1007; baseline 0.007 -16"><span class='ocrx_word' id='word_1_544' title='bbox 1101 961 1196 1004; x_wconf 81' lang='lat' dir='ltr'>quibus</span> <span class='ocrx_word' id='word_1_545' title='bbox 1214 963 1332 1001; x_wconf 74' lang='lat' dir='ltr'>Ecclefiae</span> <span class='ocrx_word' id='word_1_546' title='bbox 1342 961 1456 1005; x_wconf 72' lang='lat' dir='ltr'>poJJZffo</span> <span class='ocrx_word' id='word_1_547' title='bbox 1464 962 1593 1000; x_wconf 82' lang='lat' dir='ltr'>firmatur</span> <span class='ocrx_word' id='word_1_548' title='bbox 1610 973 1658 993; x_wconf 81' lang='lat' dir='ltr'>aut</span> <span class='ocrx_word' id='word_1_549' title='bbox 1666 963 1842 1007; x_wconf 79' lang='lat' dir='ltr'>ficpprimere‚</span> 
     </span>
     <span class='ocr_line' id='line_1_92' title="bbox 1101 1007 1842 1054; baseline 0.003 -12"><span class='ocrx_word' id='word_1_550' title='bbox 1101 1007 1159 1043; x_wconf 64' lang='lat' dir='ltr'>&amp;a</span> <span class='ocrx_word' id='word_1_551' title='bbox 1177 1009 1389 1054; x_wconf 68' lang='lat' dir='ltr'>praefitmpsbrit:</span> <span class='ocrx_word' id='word_1_552' title='bbox 1423 1011 1554 1054; x_wconf 83' lang='lat' dir='ltr'>quicquid</span> <span class='ocrx_word' id='word_1_553' title='bbox 1563 1021 1614 1054; x_wconf 80' lang='lat' dir='ltr'>per</span> <span class='ocrx_word' id='word_1_554' title='bbox 1632 1010 1780 1049; x_wconf 82' lang='lat' dir='ltr'>absentiam</span> <span class='ocrx_word' id='word_1_555' title='bbox 1798 1014 1842 1044; x_wconf 85' lang='lat' dir='ltr'>do-</span> 
     </span>
     <span class='ocr_line' id='line_1_93' title="bbox 1101 1057 1841 1103; baseline 0.003 -13"><span class='ocrx_word' id='word_1_556' title='bbox 1101 1068 1292 1098; x_wconf 82' lang='lat' dir='ltr'>cumentorum,</span> <span class='ocrx_word' id='word_1_557' title='bbox 1315 1059 1410 1090; x_wconf 79' lang='lat' dir='ltr'>damni</span> <span class='ocrx_word' id='word_1_558' title='bbox 1426 1060 1555 1099; x_wconf 63' lang='lat' dir='ltr'>bledesne,</span> <span class='ocrx_word' id='word_1_559' title='bbox 1577 1057 1613 1092; x_wconf 86' lang='lat'><em>&amp;</em></span> <span class='ocrx_word' id='word_1_560' title='bbox 1625 1060 1657 1090; x_wconf 83' lang='lat' dir='ltr'>de</span> <span class='ocrx_word' id='word_1_561' title='bbox 1664 1065 1780 1103; x_wconf 76' lang='lat' dir='ltr'>propriis</span> <span class='ocrx_word' id='word_1_562' title='bbox 1789 1064 1841 1099; x_wconf 72' lang='lat' dir='ltr'>fa-</span> 
     </span>
     <span class='ocr_line' id='line_1_94' title="bbox 1101 1103 1843 1151; baseline 0.003 -13"><span class='ocrx_word' id='word_1_563' title='bbox 1101 1106 1242 1139; x_wconf 79' lang='lat' dir='ltr'>cultatibus</span> <span class='ocrx_word' id='word_1_564' title='bbox 1252 1107 1357 1146; x_wconf 81' lang='lat' dir='ltr'>reddat,</span> <span class='ocrx_word' id='word_1_565' title='bbox 1379 1103 1414 1139; x_wconf 78' lang='lat'>&amp;¹</span> <span class='ocrx_word' id='word_1_566' title='bbox 1430 1112 1611 1139; x_wconf 81' lang='lat' dir='ltr'>communione</span> <span class='ocrx_word' id='word_1_567' title='bbox 1618 1113 1749 1151; x_wconf 69' lang='lat' dir='ltr'>privetur.</span> <span class='ocrx_word' id='word_1_568' title='bbox 1759 1108 1843 1140; x_wconf 87' lang='lat' dir='ltr'>Con-</span> 
     </span>
     <span class='ocr_line' id='line_1_95' title="bbox 1101 1151 1848 1201; baseline 0 -14"><span class='ocrx_word' id='word_1_569' title='bbox 1101 1151 1151 1187; x_wconf 89' lang='lat' dir='ltr'>cil.</span> <span class='ocrx_word' id='word_1_570' title='bbox 1166 1152 1411 1187; x_wconf 77' lang='lat' dir='ltr'>Cloveshoviens</span> <span class='ocrx_word' id='word_1_571' title='bbox 1425 1157 1593 1199; x_wconf 76' lang='lat' dir='ltr'>Telhgrapha</span> <span class='ocrx_word' id='word_1_572' title='bbox 1610 1166 1820 1201; x_wconf 82' lang='lat' dir='ltr'>nuncupantur</span> <span class='ocrx_word' id='word_1_573' title='bbox 1838 1169 1848 1199; x_wconf 76' lang='lat'>3</span> 
     </span>
     <span class='ocr_line' id='line_1_96' title="bbox 1101 1198 2013 1249; baseline 0.002 -15"><span class='ocrx_word' id='word_1_574' title='bbox 1101 1198 1269 1235; x_wconf 77' lang='lat' dir='ltr'>forensibus</span> <span class='ocrx_word' id='word_1_575' title='bbox 1286 1200 1394 1235; x_wconf 87' lang='lat' dir='ltr'>nostris</span> <span class='ocrx_word' id='word_1_576' title='bbox 1406 1204 1571 1244; x_wconf 77' lang='lat' dir='ltr'>Evidentiae,</span> <span class='ocrx_word' id='word_1_577' title='bbox 1593 1202 1676 1249; x_wconf 91' lang='lat' dir='ltr'>quod</span> <span class='ocrx_word' id='word_1_578' title='bbox 1695 1216 1760 1237; x_wconf 88' lang='lat' dir='ltr'>rem</span> <span class='ocrx_word' id='word_1_579' title='bbox 1781 1204 1843 1237; x_wconf 87' lang='lat' dir='ltr'>evi·</span> <span class='ocrx_word' id='word_1_580' title='bbox 1860 1207 2013 1237; x_wconf 65' lang='lat' dir='ltr'>Evidemiaei</span> 
     </span>
     <span class='ocr_line' id='line_1_97' title="bbox 1101 1247 1374 1283; baseline 0.004 -2"><span class='ocrx_word' id='word_1_581' title='bbox 1101 1247 1225 1282; x_wconf 82' lang='lat' dir='ltr'>dentem</span> <span class='ocrx_word' id='word_1_582' title='bbox 1237 1248 1374 1283; x_wconf 87' lang='lat' dir='ltr'>reddunt.</span> 
     </span>
    </p>

    <p class='ocr_par' dir='ltr' id='par_1_22' title="bbox 1100 1293 1845 1873">
     <span class='ocr_line' id='line_1_98' title="bbox 1153 1293 1845 1345; baseline 0.001 -12"><span class='ocrx_word' id='word_1_583' title='bbox 1153 1293 1319 1341; x_wconf 60' lang='lat' dir='ltr'>ffDoffor.</span> <span class='ocrx_word' id='word_1_584' title='bbox 1342 1299 1404 1332; x_wconf 87' lang='lat' dir='ltr'>Pro</span> <span class='ocrx_word' id='word_1_585' title='bbox 1422 1309 1460 1332; x_wconf 90' lang='lat' dir='ltr'>eo</span> <span class='ocrx_word' id='word_1_586' title='bbox 1485 1298 1538 1344; x_wconf 89' lang='lat' dir='ltr'>qui</span> <span class='ocrx_word' id='word_1_587' title='bbox 1564 1296 1623 1332; x_wconf 88' lang='lat' dir='ltr'>hoc</span> <span class='ocrx_word' id='word_1_588' title='bbox 1633 1299 1733 1345; x_wconf 84' lang='lat' dir='ltr'>gradu</span> <span class='ocrx_word' id='word_1_589' title='bbox 1753 1300 1784 1333; x_wconf 88' lang='lat' dir='ltr'>in</span> <span class='ocrx_word' id='word_1_590' title='bbox 1803 1302 1845 1334; x_wconf 74' lang='lat' dir='ltr'>A·</span> 
     </span>
     <span class='ocr_line' id='line_1_99' title="bbox 1114 1345 1844 1393; baseline 0.005 -14"><span class='ocrx_word' id='word_1_591' title='bbox 1114 1345 1252 1379; x_wconf 81' lang='lat' dir='ltr'>cademia</span> <span class='ocrx_word' id='word_1_592' title='bbox 1263 1345 1431 1393; x_wconf 79' lang='lat' dir='ltr'>insignitur,</span> <span class='ocrx_word' id='word_1_593' title='bbox 1458 1347 1500 1382; x_wconf 89' lang='lat' dir='ltr'>V.</span> <span class='ocrx_word' id='word_1_594' title='bbox 1522 1351 1679 1392; x_wconf 76' lang='lat' dir='ltr'>Magzster3</span> <span class='ocrx_word' id='word_1_595' title='bbox 1703 1352 1735 1382; x_wconf 76' lang='grc' dir='ltr'>ὅ(</span> <span class='ocrx_word' id='word_1_596' title='bbox 1750 1350 1791 1383; x_wconf 88' lang='lat' dir='ltr'>V.</span> <span class='ocrx_word' id='word_1_597' title='bbox 1809 1353 1844 1383; x_wconf 81' lang='lat' dir='ltr'>B.</span> 
     </span>
     <span class='ocr_line' id='line_1_100' title="bbox 1114 1394 1843 1441; baseline 0.005 -15"><span class='ocrx_word' id='word_1_598' title='bbox 1114 1397 1235 1436; x_wconf 71' lang='lat' dir='ltr'>Rhenan.</span> <span class='ocrx_word' id='word_1_599' title='bbox 1260 1394 1291 1428; x_wconf 89' lang='lat' dir='ltr'>in</span> <span class='ocrx_word' id='word_1_600' title='bbox 1303 1394 1358 1429; x_wconf 84' lang='lat' dir='ltr'>suis</span> <span class='ocrx_word' id='word_1_601' title='bbox 1373 1394 1412 1428; x_wconf 87' lang='lat' dir='ltr'>ad</span> <span class='ocrx_word' id='word_1_602' title='bbox 1429 1398 1528 1429; x_wconf 89' lang='lat' dir='ltr'>Tertul.</span> <span class='ocrx_word' id='word_1_603' title='bbox 1545 1395 1576 1428; x_wconf 87' lang='lat' dir='ltr'>in</span> <span class='ocrx_word' id='word_1_604' title='bbox 1594 1394 1709 1441; x_wconf 74' lang='lat' dir='ltr'>praefat.</span> <span class='ocrx_word' id='word_1_605' title='bbox 1731 1396 1771 1430; x_wconf 84' lang='lat' dir='ltr'>ad</span> <span class='ocrx_word' id='word_1_606' title='bbox 1783 1398 1843 1430; x_wconf 86' lang='lat' dir='ltr'>Le—</span> 
     </span>
     <span class='ocr_line' id='line_1_101' title="bbox 1100 1441 1845 1490; baseline 0.004 -14"><span class='ocrx_word' id='word_1_607' title='bbox 1100 1441 1240 1486; x_wconf 70' lang='lat' dir='ltr'>&amp;orem3</span> <span class='ocrx_word' id='word_1_608' title='bbox 1269 1443 1322 1489; x_wconf 87' lang='lat' dir='ltr'>qui</span> <span class='ocrx_word' id='word_1_609' title='bbox 1348 1442 1420 1477; x_wconf 87' lang='lat' dir='ltr'>dicit</span> <span class='ocrx_word' id='word_1_610' title='bbox 1437 1443 1519 1490; x_wconf 88' lang='lat' dir='ltr'>quod</span> <span class='ocrx_word' id='word_1_611' title='bbox 1537 1456 1608 1477; x_wconf 90' lang='lat' dir='ltr'>cum</span> <span class='ocrx_word' id='word_1_612' title='bbox 1625 1443 1700 1478; x_wconf 87' lang='lat' dir='ltr'>liber</span> <span class='ocrx_word' id='word_1_613' title='bbox 1731 1445 1845 1479; x_wconf 74' lang='lat' dir='ltr'>senten-</span> 
     </span>
     <span class='ocr_line' id='line_1_102' title="bbox 1100 1490 1843 1539; baseline 0.004 -15"><span class='ocrx_word' id='word_1_614' title='bbox 1100 1490 1211 1525; x_wconf 83' lang='lat' dir='ltr'>tiarum</span> <span class='ocrx_word' id='word_1_615' title='bbox 1229 1497 1306 1525; x_wconf 78' lang='lat' dir='ltr'>Petri</span> <span class='ocrx_word' id='word_1_616' title='bbox 1335 1492 1499 1533; x_wconf 77' lang='lat' dir='ltr'>Lumbardi,</span> <span class='ocrx_word' id='word_1_617' title='bbox 1519 1492 1599 1538; x_wconf 72' lang='lat' dir='ltr'>Epis</span> <span class='ocrx_word' id='word_1_618' title='bbox 1618 1491 1769 1527; x_wconf 68' lang='lat' dir='ltr'>Parifienfi</span> <span class='ocrx_word' id='word_1_619' title='bbox 1783 1494 1843 1539; x_wconf 90' lang='lat' dir='ltr'>pri·</span> 
     </span>
     <span class='ocr_line' id='line_1_103' title="bbox 1101 1538 1843 1586; baseline 0.004 -14"><span class='ocrx_word' id='word_1_620' title='bbox 1101 1538 1188 1573; x_wconf 70' lang='lat' dir='ltr'>mum</span> <span class='ocrx_word' id='word_1_621' title='bbox 1201 1538 1339 1573; x_wconf 79' lang='lat' dir='ltr'>ederetur</span> <span class='ocrx_word' id='word_1_622' title='bbox 1356 1540 1369 1584; x_wconf 93' lang='lat'><strong>(</strong></span> <span class='ocrx_word' id='word_1_623' title='bbox 1382 1552 1496 1574; x_wconf 85' lang='lat' dir='ltr'>annum</span> <span class='ocrx_word' id='word_1_624' title='bbox 1509 1540 1565 1574; x_wconf 80' lang='lat' dir='ltr'>scil.</span> <span class='ocrx_word' id='word_1_625' title='bbox 1578 1541 1695 1574; x_wconf 81' lang='lat' dir='ltr'>circiter</span> <span class='ocrx_word' id='word_1_626' title='bbox 1714 1554 1726 1574; x_wconf 94' lang='lat'>1</span> <span class='ocrx_word' id='word_1_627' title='bbox 1741 1554 1752 1575; x_wconf 92' lang='lat'>1</span> <span class='ocrx_word' id='word_1_628' title='bbox 1761 1540 1843 1586; x_wconf 90' lang='lat'><em>40.)</em></span> 
     </span>
     <span class='ocr_line' id='line_1_104' title="bbox 1101 1586 1843 1635; baseline 0.005 -16"><span class='ocrx_word' id='word_1_629' title='bbox 1101 1586 1132 1619; x_wconf 91' lang='lat' dir='ltr'>hi</span> <span class='ocrx_word' id='word_1_630' title='bbox 1152 1588 1203 1633; x_wconf 87' lang='lat' dir='ltr'>qui</span> <span class='ocrx_word' id='word_1_631' title='bbox 1212 1600 1284 1620; x_wconf 90' lang='lat' dir='ltr'>eum</span> <span class='ocrx_word' id='word_1_632' title='bbox 1292 1587 1411 1633; x_wconf 73' lang='lat' dir='ltr'>publice</span> <span class='ocrx_word' id='word_1_633' title='bbox 1421 1587 1563 1633; x_wconf 87' lang='lat' dir='ltr'>legebant</span> <span class='ocrx_word' id='word_1_634' title='bbox 1571 1592 1693 1621; x_wconf 68' lang='lat' dir='ltr'>DoHores</span> <span class='ocrx_word' id='word_1_635' title='bbox 1709 1589 1843 1635; x_wconf 89' lang='lat' dir='ltr'>primum</span> 
     </span>
     <span class='ocr_line' id='line_1_105' title="bbox 1102 1634 1845 1683; baseline 0.004 -15"><span class='ocrx_word' id='word_1_636' title='bbox 1102 1634 1242 1681; x_wconf 78' lang='lat' dir='ltr'>appellati</span> <span class='ocrx_word' id='word_1_637' title='bbox 1266 1635 1340 1669; x_wconf 75' lang='lat' dir='ltr'>sunt.</span> <span class='ocrx_word' id='word_1_638' title='bbox 1389 1635 1474 1669; x_wconf 72' lang='lat' dir='ltr'>Mire</span> <span class='ocrx_word' id='word_1_639' title='bbox 1491 1646 1594 1670; x_wconf 82' lang='lat' dir='ltr'>autern</span> <span class='ocrx_word' id='word_1_640' title='bbox 1612 1637 1773 1670; x_wconf 85' lang='lat' dir='ltr'>caecutiunt</span> <span class='ocrx_word' id='word_1_641' title='bbox 1791 1638 1845 1683; x_wconf 89' lang='lat' dir='ltr'>qui</span> 
     </span>
     <span class='ocr_line' id='line_1_106' title="bbox 1102 1684 1844 1729; baseline 0.004 -14"><span class='ocrx_word' id='word_1_642' title='bbox 1102 1684 1131 1715; x_wconf 75' lang='lat' dir='ltr'>S.</span> <span class='ocrx_word' id='word_1_643' title='bbox 1144 1686 1251 1716; x_wconf 70' lang='lat' dir='ltr'>Bedam</span> <span class='ocrx_word' id='word_1_644' title='bbox 1282 1684 1417 1728; x_wconf 88' lang='lat' dir='ltr'>primum</span> <span class='ocrx_word' id='word_1_645' title='bbox 1439 1684 1646 1729; x_wconf 84' lang='lat' dir='ltr'>Cantabrigiae</span> <span class='ocrx_word' id='word_1_646' title='bbox 1663 1684 1844 1726; x_wconf 53' lang='lat' dir='ltr'>bonorem,</span> 
     </span>
     <span class='ocr_line' id='line_1_107' title="bbox 1103 1731 1845 1777; baseline 0.004 -14"><span class='ocrx_word' id='word_1_647' title='bbox 1103 1733 1135 1763; x_wconf 70' lang='grc' dir='ltr'>δί</span> <span class='ocrx_word' id='word_1_648' title='bbox 1152 1732 1180 1763; x_wconf 86' lang='lat' dir='ltr'>S.</span> <span class='ocrx_word' id='word_1_649' title='bbox 1198 1734 1261 1769; x_wconf 75' lang='lat' dir='ltr'><em>Joh.</em></span> <span class='ocrx_word' id='word_1_650' title='bbox 1279 1732 1502 1771; x_wconf 79' lang='lat' dir='ltr'>Beverlacensem,</span> <span class='ocrx_word' id='word_1_651' title='bbox 1533 1732 1586 1777; x_wconf 81' lang='lat' dir='ltr'>qui</span> <span class='ocrx_word' id='word_1_652' title='bbox 1615 1731 1692 1765; x_wconf 90' lang='lat' dir='ltr'>obiit</span> <span class='ocrx_word' id='word_1_653' title='bbox 1713 1734 1771 1766; x_wconf 88' lang='lat' dir='ltr'>An.</span> <span class='ocrx_word' id='word_1_654' title='bbox 1783 1734 1845 1766; x_wconf 87' lang='lat' dir='ltr'>Dn.</span> 
     </span>
     <span class='ocr_line' id='line_1_108' title="bbox 1106 1779 1840 1826; baseline 0.004 -15"><span class='ocrx_word' id='word_1_655' title='bbox 1106 1790 1189 1823; x_wconf 83' lang='lat'>721.</span> <span class='ocrx_word' id='word_1_656' title='bbox 1208 1779 1324 1812; x_wconf 77' lang='lat' dir='ltr'>Oxonii</span> <span class='ocrx_word' id='word_1_657' title='bbox 1341 1779 1475 1826; x_wconf 87' lang='lat' dir='ltr'>primum</span> <span class='ocrx_word' id='word_1_658' title='bbox 1489 1779 1662 1826; x_wconf 73' lang='lat' dir='ltr'>suggerunt.</span> <span class='ocrx_word' id='word_1_659' title='bbox 1694 1781 1840 1826; x_wconf 71' lang='lat' dir='ltr'>Destript.</span> 
     </span>
     <span class='ocr_line' id='line_1_109' title="bbox 1104 1826 1479 1873; baseline 0 -13"><span class='ocrx_word' id='word_1_660' title='bbox 1104 1828 1238 1872; x_wconf 64' lang='lat' dir='ltr'>Angliae,</span> <span class='ocrx_word' id='word_1_661' title='bbox 1256 1839 1325 1873; x_wconf 82' lang='lat' dir='ltr'>pag.</span> <span class='ocrx_word' id='word_1_662' title='bbox 1350 1841 1361 1862; x_wconf 95' lang='lat'>1</span> <span class='ocrx_word' id='word_1_663' title='bbox 1375 1840 1431 1873; x_wconf 79' lang='lat'>50.</span> <span class='ocrx_word' id='word_1_664' title='bbox 1449 1826 1479 1860; x_wconf 88' lang='lat' dir='ltr'>b.</span> 
     </span>
    </p>
   </div>
   <div class='ocr_carea' id='block_1_17' title="bbox 1102 1924 2067 2066">
    <p class='ocr_par' dir='ltr' id='par_1_23' title="bbox 1102 1924 2067 2066">
     <span class='ocr_line' id='line_1_110' title="bbox 1102 1924 2067 1972; baseline 0.003 -15"><span class='ocrx_word' id='word_1_665' title='bbox 1102 1925 1191 1969; x_wconf 61' lang='lat' dir='ltr'>,Qeod</span> <span class='ocrx_word' id='word_1_666' title='bbox 1200 1924 1349 1958; x_wconf 57' lang='lat' dir='ltr'>Doctores</span> <span class='ocrx_word' id='word_1_667' title='bbox 1366 1927 1542 1958; x_wconf 81' lang='lat' dir='ltr'>Medicinalis</span> <span class='ocrx_word' id='word_1_668' title='bbox 1550 1926 1670 1966; x_wconf 72' lang='lat' dir='ltr'>ftientiae</span> <span class='ocrx_word' id='word_1_669' title='bbox 1687 1927 1753 1967; x_wconf 75' lang='lat' dir='ltr'>fimt</span> <span class='ocrx_word' id='word_1_670' title='bbox 1773 1938 1845 1972; x_wconf 79' lang='lat' dir='ltr'>prae-</span> <span class='ocrx_word' id='word_1_671' title='bbox 1859 1933 1900 1960; x_wconf 79' lang='lat' dir='ltr'>Ex</span> <span class='ocrx_word' id='word_1_672' title='bbox 1911 1931 1980 1960; x_wconf 80' lang='lat' dir='ltr'>libro</span> <span class='ocrx_word' id='word_1_673' title='bbox 1997 1931 2067 1962; x_wconf 65' lang='lat' dir='ltr'>stat.</span> 
     </span>
     <span class='ocr_line' id='line_1_111' title="bbox 1142 1969 2048 2018; baseline 0.003 -12"><span class='ocrx_word' id='word_1_674' title='bbox 1142 1976 1251 2013; x_wconf 74' lang='lat' dir='ltr'>ferendi</span> <span class='ocrx_word' id='word_1_675' title='bbox 1269 1974 1423 2006; x_wconf 51' lang='lat' dir='ltr'>Dono-ribus</span> <span class='ocrx_word' id='word_1_676' title='bbox 1441 1977 1522 2013; x_wconf 74' lang='lat' dir='ltr'>Juris</span> <span class='ocrx_word' id='word_1_677' title='bbox 1538 1978 1641 2017; x_wconf 75' lang='lat' dir='ltr'>civtlis,</span> <span class='ocrx_word' id='word_1_678' title='bbox 1663 1976 1792 2018; x_wconf 70' lang='lat' dir='ltr'>ubz&#39;lz&#39;bet3</span> <span class='ocrx_word' id='word_1_679' title='bbox 1810 1974 1845 2009; x_wconf 53' lang='grc' dir='ltr'>ὅ</span> <span class='ocrx_word' id='word_1_680' title='bbox 1858 1969 2048 2000; x_wconf 62' lang='lat' dir='ltr'>univesfitflffl</span> 
     </span>
     <span class='ocr_line' id='line_1_112' title="bbox 1145 2014 1944 2066; baseline 0.008 -13"><span class='ocrx_word' id='word_1_681' title='bbox 1145 2024 1292 2066; x_wconf 71' lang='lat' dir='ltr'>praesertim</span> <span class='ocrx_word' id='word_1_682' title='bbox 1310 2027 1341 2055; x_wconf 75' lang='lat' dir='ltr'>in</span> <span class='ocrx_word' id='word_1_683' title='bbox 1354 2025 1545 2063; x_wconf 67' lang='lat' dir='ltr'>vniversttate.</span> <span class='ocrx_word' id='word_1_684' title='bbox 1862 2014 1944 2039; x_wconf 61' lang='lat' dir='ltr'><em>oxon·</em></span> 
     </span>
    </p>
   </div>
   <div class='ocr_carea' id='block_1_18' title="bbox 1100 2117 1846 3429">
    <p class='ocr_par' dir='ltr' id='par_1_24' title="bbox 1100 2117 1846 3132">
     <span class='ocr_line' id='line_1_113' title="bbox 1151 2117 1846 2166; baseline 0.004 -14"><span class='ocrx_word' id='word_1_685' title='bbox 1151 2118 1417 2161; x_wconf 80' lang='lat' dir='ltr'>Memorandum3</span> <span class='ocrx_word' id='word_1_686' title='bbox 1457 2117 1540 2166; x_wconf 91' lang='lat' dir='ltr'>quod</span> <span class='ocrx_word' id='word_1_687' title='bbox 1571 2121 1663 2154; x_wconf 81' lang='lat' dir='ltr'>Anno</span> <span class='ocrx_word' id='word_1_688' title='bbox 1695 2120 1821 2155; x_wconf 88' lang='lat' dir='ltr'>Domini</span> <span class='ocrx_word' id='word_1_689' title='bbox 1836 2148 1846 2164; x_wconf 92' lang='lat'>‚</span> 
     </span>
     <span class='ocr_line' id='line_1_114' title="bbox 1104 2167 1845 2214; baseline 0.004 -14"><span class='ocrx_word' id='word_1_690' title='bbox 1104 2167 1420 2202; x_wconf 86' lang='lat' dir='ltr'>MCCCLXXXIV.</span> <span class='ocrx_word' id='word_1_691' title='bbox 1444 2167 1475 2202; x_wconf 86' lang='lat' dir='ltr'>in</span> <span class='ocrx_word' id='word_1_692' title='bbox 1499 2167 1604 2214; x_wconf 73' lang='lat' dir='ltr'>vigilia</span> <span class='ocrx_word' id='word_1_693' title='bbox 1628 2167 1845 2214; x_wconf 85' lang='lat' dir='ltr'>purificationis</span> 
     </span>
     <span class='ocr_line' id='line_1_115' title="bbox 1103 2213 1842 2263; baseline 0.005 -15"><span class='ocrx_word' id='word_1_694' title='bbox 1103 2216 1136 2248; x_wconf 90' lang='lat' dir='ltr'>B.</span> <span class='ocrx_word' id='word_1_695' title='bbox 1146 2215 1269 2256; x_wconf 81' lang='lat' dir='ltr'>Mariae,</span> <span class='ocrx_word' id='word_1_696' title='bbox 1282 2216 1313 2248; x_wconf 93' lang='lat' dir='ltr'>in</span> <span class='ocrx_word' id='word_1_697' title='bbox 1323 2213 1452 2248; x_wconf 63' lang='lat' dir='ltr'>Ecclesia</span> <span class='ocrx_word' id='word_1_698' title='bbox 1464 2217 1564 2249; x_wconf 84' lang='lat' dir='ltr'>Beatae</span> <span class='ocrx_word' id='word_1_699' title='bbox 1574 2216 1697 2256; x_wconf 78' lang='lat' dir='ltr'>Mariae,</span> <span class='ocrx_word' id='word_1_700' title='bbox 1711 2217 1741 2249; x_wconf 87' lang='lat' dir='ltr'>in</span> <span class='ocrx_word' id='word_1_701' title='bbox 1755 2216 1842 2263; x_wconf 55' lang='lat' dir='ltr'>pleni</span> 
     </span>
     <span class='ocr_line' id='line_1_116' title="bbox 1102 2264 1846 2310; baseline 0.004 -14"><span class='ocrx_word' id='word_1_702' title='bbox 1102 2264 1318 2297; x_wconf 85' lang='lat' dir='ltr'>convocatione</span> <span class='ocrx_word' id='word_1_703' title='bbox 1328 2264 1515 2309; x_wconf 85' lang='lat' dir='ltr'>Regentium</span> <span class='ocrx_word' id='word_1_704' title='bbox 1533 2267 1564 2298; x_wconf 77' lang='grc' dir='ltr'>ὃ(</span> <span class='ocrx_word' id='word_1_705' title='bbox 1575 2276 1637 2297; x_wconf 90' lang='lat' dir='ltr'>non</span> <span class='ocrx_word' id='word_1_706' title='bbox 1646 2265 1846 2310; x_wconf 78' lang='lat' dir='ltr'>Regentium‚</span> 
     </span>
     <span class='ocr_line' id='line_1_117' title="bbox 1103 2310 1845 2353; baseline 0.004 -8"><span class='ocrx_word' id='word_1_707' title='bbox 1103 2311 1277 2346; x_wconf 86' lang='lat' dir='ltr'>ordinatum</span> <span class='ocrx_word' id='word_1_708' title='bbox 1288 2315 1319 2346; x_wconf 71' lang='grc' dir='ltr'>ὅ(</span> <span class='ocrx_word' id='word_1_709' title='bbox 1333 2310 1531 2353; x_wconf 80' lang='lat' dir='ltr'>declaratum,</span> <span class='ocrx_word' id='word_1_710' title='bbox 1548 2315 1580 2346; x_wconf 72' lang='grc' dir='ltr'>ὃ(</span> <span class='ocrx_word' id='word_1_711' title='bbox 1593 2312 1770 2346; x_wconf 85' lang='lat' dir='ltr'>mandatum</span> <span class='ocrx_word' id='word_1_712' title='bbox 1779 2324 1845 2348; x_wconf 88' lang='lat' dir='ltr'>erat</span> 
     </span>
     <span class='ocr_line' id='line_1_118' title="bbox 1103 2358 1844 2406; baseline 0.003 -12"><span class='ocrx_word' id='word_1_713' title='bbox 1103 2373 1157 2406; x_wconf 87' lang='lat' dir='ltr'>per</span> <span class='ocrx_word' id='word_1_714' title='bbox 1166 2362 1294 2395; x_wconf 82' lang='lat' dir='ltr'>Cartam</span> <span class='ocrx_word' id='word_1_715' title='bbox 1306 2361 1423 2406; x_wconf 86' lang='lat' dir='ltr'>regiam</span> <span class='ocrx_word' id='word_1_716' title='bbox 1433 2373 1443 2404; x_wconf 81' lang='lat'>3</span> <span class='ocrx_word' id='word_1_717' title='bbox 1478 2360 1561 2406; x_wconf 86' lang='lat' dir='ltr'>quod</span> <span class='ocrx_word' id='word_1_718' title='bbox 1578 2358 1703 2394; x_wconf 74' lang='lat' dir='ltr'>facultas</span> <span class='ocrx_word' id='word_1_719' title='bbox 1713 2360 1844 2396; x_wconf 78' lang='lat' dir='ltr'>Medici-</span> 
     </span>
     <span class='ocr_line' id='line_1_119' title="bbox 1102 2407 1844 2456; baseline 0.003 -14"><span class='ocrx_word' id='word_1_720' title='bbox 1102 2409 1175 2442; x_wconf 88' lang='lat' dir='ltr'>nalis</span> <span class='ocrx_word' id='word_1_721' title='bbox 1194 2408 1318 2444; x_wconf 86' lang='lat' dir='ltr'>ubilibet</span> <span class='ocrx_word' id='word_1_722' title='bbox 1336 2407 1413 2443; x_wconf 79' lang='lat' dir='ltr'>infra</span> <span class='ocrx_word' id='word_1_723' title='bbox 1426 2410 1574 2455; x_wconf 86' lang='lat' dir='ltr'>Regnum</span> <span class='ocrx_word' id='word_1_724' title='bbox 1584 2408 1715 2455; x_wconf 78' lang='lat' dir='ltr'>Angliae,</span> <span class='ocrx_word' id='word_1_725' title='bbox 1725 2413 1757 2443; x_wconf 65' lang='grc' dir='ltr'>ὃς</span> <span class='ocrx_word' id='word_1_726' title='bbox 1769 2422 1844 2456; x_wconf 86' lang='lat' dir='ltr'>prae-</span> 
     </span>
     <span class='ocr_line' id='line_1_120' title="bbox 1102 2456 1846 2503; baseline 0.003 -12"><span class='ocrx_word' id='word_1_727' title='bbox 1102 2457 1203 2492; x_wconf 79' lang='lat' dir='ltr'>sertim</span> <span class='ocrx_word' id='word_1_728' title='bbox 1220 2458 1250 2491; x_wconf 87' lang='lat' dir='ltr'>in</span> <span class='ocrx_word' id='word_1_729' title='bbox 1280 2456 1490 2499; x_wconf 59' lang='lat' dir='ltr'>universnm,</span> <span class='ocrx_word' id='word_1_730' title='bbox 1524 2458 1674 2503; x_wconf 84' lang='lat' dir='ltr'>perpetuis</span> <span class='ocrx_word' id='word_1_731' title='bbox 1685 2458 1846 2499; x_wconf 76' lang='lat' dir='ltr'>sticceffivis</span> 
     </span>
     <span class='ocr_line' id='line_1_121' title="bbox 1103 2504 1844 2553; baseline 0.001 -14"><span class='ocrx_word' id='word_1_732' title='bbox 1103 2506 1504 2553; x_wconf 77' lang='lat' dir='ltr'>temporibUS‚ultraJurium</span> <span class='ocrx_word' id='word_1_733' title='bbox 1514 2506 1648 2540; x_wconf 81' lang='lat' dir='ltr'>civilium</span> <span class='ocrx_word' id='word_1_734' title='bbox 1657 2504 1844 2549; x_wconf 83' lang='lat' dir='ltr'>facultatem,</span> 
     </span>
     <span class='ocr_line' id='line_1_122' title="bbox 1101 2553 1842 2602; baseline -0.001 -13"><span class='ocrx_word' id='word_1_735' title='bbox 1101 2555 1248 2602; x_wconf 88' lang='lat' dir='ltr'>ampliore</span> <span class='ocrx_word' id='word_1_736' title='bbox 1258 2554 1350 2602; x_wconf 74' lang='lat' dir='ltr'>digne</span> <span class='ocrx_word' id='word_1_737' title='bbox 1363 2553 1539 2602; x_wconf 86' lang='lat' dir='ltr'>praeferatur</span> <span class='ocrx_word' id='word_1_738' title='bbox 1555 2555 1682 2596; x_wconf 88' lang='lat' dir='ltr'>honore,</span> <span class='ocrx_word' id='word_1_739' title='bbox 1699 2565 1842 2601; x_wconf 83' lang='lat' dir='ltr'>tanquam</span> 
     </span>
     <span class='ocr_line' id='line_1_123' title="bbox 1101 2603 1844 2651; baseline -0.001 -13"><span class='ocrx_word' id='word_1_740' title='bbox 1101 2603 1221 2638; x_wconf 76' lang='lat' dir='ltr'>scientia</span> <span class='ocrx_word' id='word_1_741' title='bbox 1237 2603 1331 2651; x_wconf 86' lang='lat' dir='ltr'>Regi,</span> <span class='ocrx_word' id='word_1_742' title='bbox 1339 2604 1422 2651; x_wconf 71' lang='lat' dir='ltr'>{uoq5</span> <span class='ocrx_word' id='word_1_743' title='bbox 1439 2603 1552 2650; x_wconf 84' lang='lat' dir='ltr'>populo</span> <span class='ocrx_word' id='word_1_744' title='bbox 1564 2604 1661 2650; x_wconf 85' lang='lat' dir='ltr'>magis</span> <span class='ocrx_word' id='word_1_745' title='bbox 1677 2603 1844 2638; x_wconf 82' lang='lat' dir='ltr'>commodi-</span> 
     </span>
     <span class='ocr_line' id='line_1_124' title="bbox 1101 2649 1843 2700; baseline -0.001 -14"><span class='ocrx_word' id='word_1_746' title='bbox 1101 2649 1186 2695; x_wconf 83' lang='lat' dir='ltr'>fera,</span> <span class='ocrx_word' id='word_1_747' title='bbox 1214 2665 1307 2700; x_wconf 83' lang='lat' dir='ltr'>quarn</span> <span class='ocrx_word' id='word_1_748' title='bbox 1324 2653 1443 2687; x_wconf 78' lang='lat' dir='ltr'>casualis</span> <span class='ocrx_word' id='word_1_749' title='bbox 1461 2652 1546 2700; x_wconf 87' lang='lat' dir='ltr'>regia</span> <span class='ocrx_word' id='word_1_750' title='bbox 1572 2651 1614 2686; x_wconf 85' lang='lat' dir='ltr'>est</span> <span class='ocrx_word' id='word_1_751' title='bbox 1637 2653 1667 2687; x_wconf 88' lang='lat' dir='ltr'>in</span> <span class='ocrx_word' id='word_1_752' title='bbox 1685 2652 1796 2697; x_wconf 67' lang='lat' dir='ltr'>scriptis</span> <span class='ocrx_word' id='word_1_753' title='bbox 1814 2652 1843 2686; x_wconf 85' lang='lat' dir='ltr'>in</span> 
     </span>
     <span class='ocr_line' id='line_1_125' title="bbox 1101 2699 1842 2747; baseline -0.003 -12"><span class='ocrx_word' id='word_1_754' title='bbox 1101 2699 1172 2736; x_wconf 56' lang='lat' dir='ltr'>cista</span> <span class='ocrx_word' id='word_1_755' title='bbox 1191 2702 1465 2743; x_wconf 81' lang='lat' dir='ltr'>munimentorum,</span> <span class='ocrx_word' id='word_1_756' title='bbox 1492 2713 1600 2747; x_wconf 86' lang='lat' dir='ltr'>corpus</span> <span class='ocrx_word' id='word_1_757' title='bbox 1613 2701 1677 2747; x_wconf 87' lang='lat' dir='ltr'>plus</span> <span class='ocrx_word' id='word_1_758' title='bbox 1691 2700 1733 2734; x_wconf 90' lang='lat' dir='ltr'>est</span> <span class='ocrx_word' id='word_1_759' title='bbox 1751 2699 1842 2745; x_wconf 69' lang='lat' dir='ltr'>quarn</span> 
     </span>
     <span class='ocr_line' id='line_1_126' title="bbox 1101 2748 1842 2785; baseline -0.003 -3"><span class='ocrx_word' id='word_1_760' title='bbox 1101 2749 1324 2785; x_wconf 86' lang='lat' dir='ltr'>vestimentum.</span> <span class='ocrx_word' id='word_1_761' title='bbox 1364 2749 1550 2785; x_wconf 86' lang='lat' dir='ltr'>Conceditur</span> <span class='ocrx_word' id='word_1_762' title='bbox 1579 2750 1671 2783; x_wconf 84' lang='lat' dir='ltr'>etiam</span> <span class='ocrx_word' id='word_1_763' title='bbox 1689 2748 1842 2782; x_wconf 31' lang='lat' dir='ltr'>cancella,</span> 
     </span>
     <span class='ocr_line' id='line_1_127' title="bbox 1101 2797 1841 2841; baseline -0.004 -10"><span class='ocrx_word' id='word_1_764' title='bbox 1101 2798 1147 2832; x_wconf 88' lang='lat' dir='ltr'>rio</span> <span class='ocrx_word' id='word_1_765' title='bbox 1156 2802 1188 2833; x_wconf 74' lang='grc' dir='ltr'>ὅ(</span> <span class='ocrx_word' id='word_1_766' title='bbox 1200 2799 1457 2841; x_wconf 77' lang='lat' dir='ltr'>Procuratoribus,</span> <span class='ocrx_word' id='word_1_767' title='bbox 1466 2802 1497 2833; x_wconf 86' lang='lat'>&amp;</span> <span class='ocrx_word' id='word_1_768' title='bbox 1508 2810 1615 2832; x_wconf 87' lang='lat' dir='ltr'>eorum</span> <span class='ocrx_word' id='word_1_769' title='bbox 1629 2797 1726 2830; x_wconf 84' lang='lat' dir='ltr'>vicem</span> <span class='ocrx_word' id='word_1_770' title='bbox 1736 2808 1841 2840; x_wconf 83' lang='lat' dir='ltr'>geren-</span> 
     </span>
     <span class='ocr_line' id='line_1_128' title="bbox 1100 2843 1844 2894; baseline -0.005 -14"><span class='ocrx_word' id='word_1_771' title='bbox 1100 2847 1191 2890; x_wconf 86' lang='lat' dir='ltr'>tibus,</span> <span class='ocrx_word' id='word_1_772' title='bbox 1212 2847 1340 2894; x_wconf 82' lang='lat' dir='ltr'>potestas</span> <span class='ocrx_word' id='word_1_773' title='bbox 1365 2846 1509 2894; x_wconf 88' lang='lat' dir='ltr'>puniendi</span> <span class='ocrx_word' id='word_1_774' title='bbox 1526 2858 1630 2879; x_wconf 86' lang='lat' dir='ltr'>omnes</span> <span class='ocrx_word' id='word_1_775' title='bbox 1650 2848 1681 2878; x_wconf 87' lang='lat'>&amp;</span> <span class='ocrx_word' id='word_1_776' title='bbox 1704 2843 1844 2889; x_wconf 75' lang='lat' dir='ltr'>singulos,</span> 
     </span>
     <span class='ocr_line' id='line_1_129' title="bbox 1100 2893 1845 2939; baseline -0.007 -9"><span class='ocrx_word' id='word_1_777' title='bbox 1100 2895 1244 2930; x_wconf 88' lang='lat' dir='ltr'>mandato</span> <span class='ocrx_word' id='word_1_778' title='bbox 1260 2910 1293 2930; x_wconf 92' lang='lat' dir='ltr'>re</span> <span class='ocrx_word' id='word_1_779' title='bbox 1316 2897 1357 2938; x_wconf 89' lang='lat' dir='ltr'>io,</span> <span class='ocrx_word' id='word_1_780' title='bbox 1373 2897 1404 2930; x_wconf 90' lang='lat' dir='ltr'>in</span> <span class='ocrx_word' id='word_1_781' title='bbox 1434 2895 1491 2929; x_wconf 88' lang='lat' dir='ltr'>hac</span> <span class='ocrx_word' id='word_1_782' title='bbox 1521 2904 1604 2939; x_wconf 86' lang='lat' dir='ltr'>parte</span> <span class='ocrx_word' id='word_1_783' title='bbox 1625 2893 1845 2932; x_wconf 83' lang='lat' dir='ltr'>convenientes,</span> 
     </span>
     <span class='ocr_line' id='line_1_130' title="bbox 1100 2939 1844 2992; baseline -0.007 -14"><span class='ocrx_word' id='word_1_784' title='bbox 1100 2942 1208 2979; x_wconf 57' lang='lat' dir='ltr'>eadem</span> <span class='ocrx_word' id='word_1_785' title='bbox 1215 2957 1309 2991; x_wconf 83' lang='lat' dir='ltr'>poena</span> <span class='ocrx_word' id='word_1_786' title='bbox 1317 2957 1387 2992; x_wconf 84' lang='lat' dir='ltr'>quae</span> <span class='ocrx_word' id='word_1_787' title='bbox 1395 2942 1484 2977; x_wconf 86' lang='lat' dir='ltr'>datur</span> <span class='ocrx_word' id='word_1_788' title='bbox 1491 2939 1747 2987; x_wconf 85' lang='lat' dir='ltr'>perturbatoribus</span> <span class='ocrx_word' id='word_1_789' title='bbox 1755 2941 1844 2986; x_wconf 79' lang='lat' dir='ltr'>pacis,</span> 
     </span>
     <span class='ocr_line' id='line_1_131' title="bbox 1100 2989 1842 3038; baseline -0.009 -10"><span class='ocrx_word' id='word_1_790' title='bbox 1100 2996 1134 3027; x_wconf 84' lang='lat'>&amp;</span> <span class='ocrx_word' id='word_1_791' title='bbox 1145 2990 1402 3038; x_wconf 77' lang='lat' dir='ltr'>transgressoribus</span> <span class='ocrx_word' id='word_1_792' title='bbox 1415 2989 1772 3036; x_wconf 85' lang='lat' dir='ltr'>privilegiorumDatum</span> <span class='ocrx_word' id='word_1_793' title='bbox 1779 2999 1842 3022; x_wconf 83' lang='lat' dir='ltr'>erat</span> 
     </span>
     <span class='ocr_line' id='line_1_132' title="bbox 1102 3037 1843 3085; baseline -0.005 -11"><span class='ocrx_word' id='word_1_794' title='bbox 1102 3041 1179 3076; x_wconf 83' lang='lat' dir='ltr'>istud</span> <span class='ocrx_word' id='word_1_795' title='bbox 1193 3039 1372 3074; x_wconf 87' lang='lat' dir='ltr'>mandatum</span> <span class='ocrx_word' id='word_1_796' title='bbox 1383 3051 1438 3085; x_wconf 88' lang='lat' dir='ltr'>per</span> <span class='ocrx_word' id='word_1_797' title='bbox 1447 3039 1570 3083; x_wconf 85' lang='lat' dir='ltr'>Regem</span> <span class='ocrx_word' id='word_1_798' title='bbox 1585 3037 1753 3071; x_wconf 82' lang='lat' dir='ltr'>Ricardum</span> <span class='ocrx_word' id='word_1_799' title='bbox 1762 3037 1843 3083; x_wconf 84' lang='lat' dir='ltr'>apud</span> 
     </span>
     <span class='ocr_line' id='line_1_133' title="bbox 1102 3085 1818 3132; baseline -0.006 -9"><span class='ocrx_word' id='word_1_800' title='bbox 1102 3089 1234 3123; x_wconf 86' lang='lat' dir='ltr'>Westm.</span> <span class='ocrx_word' id='word_1_801' title='bbox 1256 3087 1360 3122; x_wconf 89' lang='lat' dir='ltr'>16.die</span> <span class='ocrx_word' id='word_1_802' title='bbox 1367 3089 1432 3132; x_wconf 88' lang='lat' dir='ltr'>Jan.</span> <span class='ocrx_word' id='word_1_803' title='bbox 1450 3088 1509 3121; x_wconf 92' lang='lat' dir='ltr'>An.</span> <span class='ocrx_word' id='word_1_804' title='bbox 1527 3085 1630 3132; x_wconf 88' lang='lat' dir='ltr'>Regni</span> <span class='ocrx_word' id='word_1_805' title='bbox 1643 3087 1684 3120; x_wconf 77' lang='lat' dir='ltr'>sui</span> <span class='ocrx_word' id='word_1_806' title='bbox 1700 3086 1818 3120; x_wconf 66' lang='lat' dir='ltr'>octavo.</span> 
     </span>
    </p>

    <p class='ocr_par' dir='ltr' id='par_1_25' title="bbox 1150 3132 1668 3183">
     <span class='ocr_line' id='line_1_134' title="bbox 1150 3132 1668 3183; baseline -0.006 -12"><span class='ocrx_word' id='word_1_807' title='bbox 1150 3135 1173 3183; x_wconf 62' lang='lat' dir='ltr'>J</span> <span class='ocrx_word' id='word_1_808' title='bbox 1191 3132 1408 3180; x_wconf 62' lang='lat' dir='ltr'>Dodarium]</span> <span class='ocrx_word' id='word_1_809' title='bbox 1432 3135 1516 3170; x_wconf 84' lang='lat' dir='ltr'>Vide</span> <span class='ocrx_word' id='word_1_810' title='bbox 1528 3140 1668 3169; x_wconf 83' lang='lat' dir='ltr'>Doarium.</span> 
     </span>
    </p>

    <p class='ocr_par' dir='ltr' id='par_1_26' title="bbox 1102 3182 1844 3429">
     <span class='ocr_line' id='line_1_135' title="bbox 1149 3182 1843 3232; baseline -0.007 -11"><span class='ocrx_word' id='word_1_811' title='bbox 1149 3183 1173 3232; x_wconf 62' lang='lat' dir='ltr'><strong>ff</strong></span> <span class='ocrx_word' id='word_1_812' title='bbox 1191 3182 1505 3232; x_wconf 49' lang='lat' dir='ltr'>Dok-Angitula]</span> <span class='ocrx_word' id='word_1_813' title='bbox 1517 3183 1587 3218; x_wconf 82' lang='lat' dir='ltr'>Sax.</span> <span class='ocrx_word' id='word_1_814' title='bbox 1596 3183 1667 3225; x_wconf 74' lang='lat' dir='ltr'>oael,</span> <span class='ocrx_word' id='word_1_815' title='bbox 1673 3190 1843 3229; x_wconf 58' lang='lat' dir='ltr'>parsffortto,</span> 
     </span>
     <span class='ocr_line' id='line_1_136' title="bbox 1103 3232 1840 3279; baseline -0.005 -10"><span class='ocrx_word' id='word_1_816' title='bbox 1103 3236 1134 3269; x_wconf 90' lang='lat' dir='ltr'><strong>A</strong></span> <span class='ocrx_word' id='word_1_817' title='bbox 1151 3234 1248 3270; x_wconf 69' lang='lat' dir='ltr'>baelan</span> <span class='ocrx_word' id='word_1_818' title='bbox 1266 3237 1385 3268; x_wconf 77' lang='lat' dir='ltr'>dividere</span> <span class='ocrx_word' id='word_1_819' title='bbox 1399 3260 1410 3277; x_wconf 89' lang='lat'>,</span> <span class='ocrx_word' id='word_1_820' title='bbox 1425 3234 1587 3279; x_wconf 67' lang='lat' dir='ltr'>dzstribuere.</span> <span class='ocrx_word' id='word_1_821' title='bbox 1624 3232 1708 3266; x_wconf 87' lang='lat' dir='ltr'>Hinc</span> <span class='ocrx_word' id='word_1_822' title='bbox 1720 3233 1751 3266; x_wconf 88' lang='lat' dir='ltr'>in</span> <span class='ocrx_word' id='word_1_823' title='bbox 1771 3232 1840 3266; x_wconf 79' lang='lat' dir='ltr'>locis</span> 
     </span>
     <span class='ocr_line' id='line_1_137' title="bbox 1102 3280 1844 3332; baseline -0.009 -13"><span class='ocrx_word' id='word_1_824' title='bbox 1102 3283 1280 3332; x_wconf 81' lang='lat' dir='ltr'>palustribus</span> <span class='ocrx_word' id='word_1_825' title='bbox 1287 3280 1373 3317; x_wconf 83' lang='lat' dir='ltr'>fundi</span> <span class='ocrx_word' id='word_1_826' title='bbox 1381 3284 1533 3330; x_wconf 81' lang='lat' dir='ltr'>portiones</span> <span class='ocrx_word' id='word_1_827' title='bbox 1548 3294 1617 3329; x_wconf 83' lang='lat' dir='ltr'>quae</span> <span class='ocrx_word' id='word_1_828' title='bbox 1626 3281 1739 3315; x_wconf 87' lang='lat' dir='ltr'>viritim</span> <span class='ocrx_word' id='word_1_829' title='bbox 1748 3280 1844 3314; x_wconf 82' lang='lat' dir='ltr'>distri-</span> 
     </span>
     <span class='ocr_line' id='line_1_138' title="bbox 1103 3327 1842 3378; baseline -0.008 -11"><span class='ocrx_word' id='word_1_830' title='bbox 1103 3334 1251 3375; x_wconf 77' lang='lat' dir='ltr'>buuntur,</span> <span class='ocrx_word' id='word_1_831' title='bbox 1267 3331 1317 3365; x_wconf 93' lang='lat' dir='ltr'>vel</span> <span class='ocrx_word' id='word_1_832' title='bbox 1331 3332 1430 3378; x_wconf 77' lang='lat' dir='ltr'>potius</span> <span class='ocrx_word' id='word_1_833' title='bbox 1446 3331 1650 3374; x_wconf 81' lang='lat' dir='ltr'>emolumenta</span> <span class='ocrx_word' id='word_1_834' title='bbox 1662 3342 1730 3376; x_wconf 79' lang='lat' dir='ltr'>quae</span> <span class='ocrx_word' id='word_1_835' title='bbox 1744 3327 1842 3361; x_wconf 62' lang='lat' dir='ltr'>ductis</span> 
     </span>
     <span class='ocr_line' id='line_1_139' title="bbox 1104 3376 1844 3429; baseline -0.008 -12"><span class='ocrx_word' id='word_1_836' title='bbox 1104 3382 1228 3417; x_wconf 69' lang='lat' dir='ltr'>fortibus</span> <span class='ocrx_word' id='word_1_837' title='bbox 1245 3380 1315 3415; x_wconf 88' lang='lat' dir='ltr'>inde</span> <span class='ocrx_word' id='word_1_838' title='bbox 1331 3380 1514 3429; x_wconf 83' lang='lat' dir='ltr'>colliguntur</span> <span class='ocrx_word' id='word_1_839' title='bbox 1526 3406 1538 3422; x_wconf 93' lang='lat'>‚</span> <span class='ocrx_word' id='word_1_840' title='bbox 1565 3382 1655 3420; x_wconf 65' lang='lat' dir='ltr'>noles</span> <span class='ocrx_word' id='word_1_841' title='bbox 1672 3376 1821 3423; x_wconf 65' lang='lat' dir='ltr'>appellant</span> <span class='ocrx_word' id='word_1_842' title='bbox 1836 3386 1844 3406; x_wconf 71' lang='grc' dir='ltr'>ε</span> 
     </span>
    </p>
   </div>
   <div class='ocr_carea' id='block_1_19' title="bbox 1105 3408 1998 3503">
    <p class='ocr_par' dir='ltr' id='par_1_27' title="bbox 1105 3408 1998 3503">
     <span class='ocr_line' id='line_1_140' title="bbox 1105 3408 1998 3503; baseline -0.013 -36"><span class='ocrx_word' id='word_1_843' title='bbox 1105 3434 1138 3477; x_wconf 59' lang='lat' dir='ltr'>{x</span> <span class='ocrx_word' id='word_1_844' title='bbox 1161 3431 1344 3478; x_wconf 57' lang='lat' dir='ltr'>prgediorqm</span> <span class='ocrx_word' id='word_1_845' title='bbox 1369 3441 1466 3475; x_wconf 49' lang='lat' dir='ltr'>menis</span> <span class='ocrx_word' id='word_1_846' title='bbox 1495 3430 1618 3473; x_wconf 50' lang='lat' dir='ltr'>tanny,</span> <span class='ocrx_word' id='word_1_847' title='bbox 1635 3441 1661 3470; x_wconf 86' lang='lat' dir='ltr'>q.</span> <span class='ocrx_word' id='word_1_848' title='bbox 1680 3408 1998 3503; x_wconf 49' lang='lat' dir='ltr'>paretnffle’gffiflnffwo‘</span> 
     </span>
    </p>
   </div>
  </div>
 </body>
</html>
