2305 3809
130 115 2115 148 Μ...

804 153 1071 240 ‘Praefatio
1115 149 1187 212 ad
1217 149 1503 212 LeHorem.

372 296 491 341 copo
514 293 556 325 et
574 274 850 324 Cancellario
870 271 957 336 ipse
974 268 1146 320 Ordine
1166 269 1370 318 narrabat
1386 307 1399 331 ,
1447 271 1524 338 qui
1552 268 1713 317 multas
1742 265 1929 317 Subscri-

373 348 541 410 ptiones
560 342 832 406 consequuti,
868 347 915 389 &
937 338 1016 403 ipsi
1049 335 1257 385 munifice
1290 340 1336 385 in
1350 339 1541 387 eundem
1562 336 1688 386 usum
1707 335 1930 385 contribu-

374 430 509 473 emes,
547 412 778 478 ‘Dugdalium
795 407 1080 457 obsecrabant
1098 418 1147 448 ut
1175 407 1410 452 Pecuniam
1431 405 1668 454 collecmm
1697 406 1928 467 accipiens,

376 499 481 529 cum
496 477 828 545 Typographo
862 475 916 522 de
936 477 1088 536 Opere
1118 472 1163 517 in
1195 470 1342 518 lucem
1361 471 1532 522 edendo
1545 489 1694 540 ageret
1715 491 1734 534 3
1767 472 1929 537 quibus

376 550 450 598 ille
470 547 736 609 obsequium
764 541 988 606 praestans,
1039 538 1230 588 eandem
1264 556 1404 601 quam
1436 540 1660 600 accepisset
1673 557 1815 590 totam
1831 560 1931 605 pro3

378 620 472 682 pria
509 619 666 665 Henrici
700 614 909 675 spelmanni
938 626 1075 657 manu
1101 622 1346 666 exaratam,
1396 606 1584 654 totidem
1613 609 1755 658 verbis
1775 612 1927 674 impri=

382 683 595 733 mendam
626 683 822 738 curavit3
858 685 905 728 &
940 676 1103 741 absque
1141 675 1351 726 Incendio
1388 672 1560 723 funesto
1593 678 1814 742 Londinenfi
1851 681 1933 734 (in

381 769 473 815 quo
507 748 852 816 Autographum
889 745 1177 795 combustum
1209 743 1302 804 est)
1341 741 1501 804 fuisset,
1537 758 1585 789 ut
1615 742 1698 791 vel.
1722 743 1851 791 hodie
1887 749 1933 792 in

380 817 766 868 confirmationem
802 815 1018 881 praedictae
1065 814 1343 863 Narrationis
1380 812 1565 874 produci
1604 808 1840 875 potuiffet:
1884 812 1936 860 de

384 907 434 937 ea
473 903 623 936 autem
661 884 691 933 fi
721 889 818 948 quis
859 883 1060 943 dubitet,
1098 886 1238 931 Dom.
1283 882 1526 928 Guilielmum
1545 880 1737 945 Dugdale,
1762 897 1936 944 magnae

384 958 614 1005 Doctrinae
643 955 974 1020 &Integritatis
1008 952 1169 1001 Virum
1196 988 1209 1011 ‚
1245 947 1498 998 indubitatae
1512 946 1630 998 Fidei
1643 946 1937 1014 Testemjam

384 1028 629 1084 viventem,
666 1023 874 1072 consulat.
950 1024 1019 1068 Ex
1063 1020 1142 1069 hac
1161 1017 1396 1068 Relatione
1429 1031 1549 1082 patet
1597 1014 1831 1065 secundam
1857 1016 1942 1063 hu-

386 1099 452 1160 jus
478 1090 679 1141 Gloffarii
695 1097 869 1141 Partem
888 1106 1044 1139 verum
1073 1086 1157 1137 effe
1198 1093 1245 1136 &
1267 1089 1515 1152 genuinum
1534 1088 1706 1136 Henrici
1726 1086 1940 1148 Spelmanni

390 1167 476 1224 Eq.
498 1163 652 1210 Aurati
679 1164 863 1208 Foetum·

456 1231 633 1289 Concilia,
657 1246 744 1279 wc.
785 1230 969 1277 Tomus
1009 1227 1176 1291 primus
1208 1223 1388 1286 Londini,
1429 1225 1513 1291 163
1525 1242 1572 1288 9.
1608 1223 1689 1271 Fol.
1727 1222 1836 1279 Quo
1865 1239 1944 1270 au-

390 1314 481 1346 tem
522 1296 808 1346 clarissimum
855 1296 941 1345 hoc
979 1296 1185 1344 Auctoris
1208 1292 1342 1341 nostri
1393 1292 1676 1353 [nstitutum‚
1736 1306 1780 1338 et
1832 1307 1945 1356 quos

392 1369 438 1412 in
474 1383 529 1414 eo
565 1367 811 1432 progressus
846 1363 1013 1425 fecerit,
1046 1362 1206 1412 melius
1249 1360 1422 1411 erudito
1449 1363 1629 1411 Lectori
1668 1356 1908 1408 innotescat
1931 1396 1946 1419 ‚

402 1433 613 1500 quaedam
649 1454 704 1483 ex
735 1436 860 1500 hujus
899 1433 1044 1482 Tomi
1078 1431 1339 1480 Praefatione
1375 1447 1605 1495 opponere
1633 1446 1725 1476 non
1753 1425 1941 1494 pigebit,

396 1519 564 1568 quippe
583 1506 661 1568 qui
678 1520 768 1548 non
787 1504 979 1547 minimo
1001 1500 1169 1561 gaudio
1187 1497 1364 1547 suffusus
1386 1496 1580 1558 forem,fi
1594 1499 1701 1546 dum
1717 1496 1946 1545 memoriae

399 1567 644 1633 dignissimi
660 1570 833 1633 Equitis
848 1578 1079 1626 parentare
1098 1579 1280 1608 conatus
1296 1563 1637 1622 fim‚Eruditum
1656 1566 1942 1631 quempiam,

399 1633 615 1685 Industria
648 1648 690 1682 et
732 1634 953 1681 Doctrina
986 1644 1112 1677 tanto
1143 1644 1325 1676 munere
1357 1627 1474 1675 haud
1489 1634 1727 1689 imparem,
1758 1633 1949 1677 excitare

399 1702 578 1767 possim,
614 1704 691 1770 qui
710 1704 935 1766 integrum
950 1699 1158 1746 Auctoris
1192 1693 1472 1760 propositum
1505 1695 1560 1743 ad
1579 1693 1861 1743 Umbilicum
1884 1696 1951 1742 di-

400 1772 626 1832 ducat,vel
646 1769 798 1819 saltem
816 1768 872 1817 ad
888 1765 1226 1829 Impressionem
1246 1783 1414 1814 novam
1428 1779 1471 1812 et
1486 1766 1800 1812 accuratiorem
1822 1761 1951 1810 ador-

165 1846 359 1917 !*bffffl'g’effiqk
402 1840 598 1889 nandam
617 1843 822 1889 animum
838 1834 1047 1899 appellat.
1118 1837 1273 1897 Opera
1291 1831 1387 1881 {unt
1413 1832 1580 1896 quibus
1599 1829 1788 1880 Ecclesia
1804 1830 1949 1880 nostra

165 1897 335 1959 {ixsiisihm
401 1927 546 1959 carere
560 1905 679 1972 poffe
702 1906 828 1955 nullo
844 1903 985 1954 modo
1006 1900 1218 1951 censenda
1241 1900 1319 1962 est,
1355 1900 1582 1965 splendide
1600 1899 1784 1963 quidem
1798 1899 1952 1948 incho-

168 1970 245 1997 ΕΜ·
401 1995 474 2029 ata
490 2017 502 2039 ‚
538 1992 583 2024 at
616 1977 760 2026 nescio
779 1992 872 2039 quo
887 1970 1130 2020 infortunio
1165 1985 1242 2021 aut
1262 1970 1401 2019 saeculi
1422 1968 1752 2036 ingratitudine,
1788 1971 1953 2033 imper-

402 2046 516 2096 festa
530 2045 659 2095 nobis
673 2043 895 2095 derelicta.
932 2041 1014 2090 Sed
1029 2041 1214 2090 Auerori
1233 2038 1382 2091 nostro
1400 2042 1572 2088 animos
1587 2037 1816 2098 advertite,
1864 2038 1950 2084 Le-

406 2121 562 2165 &orest

475 2183 605 2244 „Qoad
622 2183 673 2230 ad
694 2183 785 2230 hanc
817 2185 982 2231 nostram
1012 2181 1277 2239 Concanum,
1314 2196 1394 2226 cum
1408 2191 1472 2243 per
1508 2190 1583 2225 tres
1607 2176 1762 2241 insignes
1781 2172 1954 2238 Epochas

406 2252 525 2315 sponte
550 2250 592 2318 se
610 2251 856 2318 distribueret,
893 2269 956 2298 nos
984 2251 1145 2297 oblatam
1177 2247 1464 2308 distributionem
1491 2248 1772 2311 amplsftentes‚
1802 2242 1959 2311 fingulis

408 2324 566 2377 Epochis
611 2321 773 2385 singulos
812 2321 945 2368 Tomos
965 2316 1039 2383 seu
1074 2320 1263 2370 Volumina
1314 2317 1555 2381 (auspicante
1589 2310 1705 2374 Deo)
1754 2311 1960 2378 destinavi·

409 2409 502 2436 mus.
1008 2425 1017 2441 δ

484 2459 653 2517 Primo,
688 2455 893 2517 Qaeinitio
914 2443 1129 2520 christiam
1151 2454 1378 2519 Religionis,
1409 2450 1583 2516 ufijuead
1600 2444 1961 2512 Angio-Saxoni-

412 2544 472 2574 cae
493 2529 658 2575 Dinonis
694 2525 896 2572 'Periodum
931 2524 953 2587 (
979 2527 1016 2571 id
1034 2525 1087 2591 est:
1119 2529 1224 2573 Anno
1246 2522 1399 2571 Domini
1424 2522 1605 2580 1066.)
1634 2517 1761 2566 habita
1783 2520 1877 2580 jum
1909 2515 1964 2560 hic

411 2613 490 2663 jam
518 2596 769 2659 compegimus.
1522 2637 1526 2640 ,

488 2663 705 2722 Secund0‚
742 2664 834 2719 Ea,
871 2678 951 2725 quae
973 2664 1057 2723 post
1076 2657 1290 2726 subaflosa
1321 2655 1615 2716 Normannis,
1649 2649 1967 2717 Anglo-Saxo-

422 2751 511 2792 nes,
547 2729 660 2796 usque
687 2730 736 2777 ad
767 2734 940 2777 Exutum
958 2729 1136 2793 Papam3
1171 2726 1478 2792 ‘Refignationem
1501 2724 1714 2788 Pontificiae
1732 2718 1970 2785 Jurffdifflio-

423 2803 476 2845 nis
495 2800 597 2864 Regi
613 2800 809 2848 Henrico
828 2800 974 2845 Οὲἶανο
985 2793 1137 2865 fastam
1172 2800 1188 2851 (
1206 2812 1281 2860 qua
1318 2794 1486 2857 adempta
1515 2792 1568 2860 est
1597 2790 1776 2856 Episcopis
1795 2785 1971 2852 cogendo-

425 2883 507 2912 rum
542 2868 664 2930 postea
699 2867 936 2914 Conciliorum
969 2865 1128 2931 potestas
1158 2864 1327 2929 usitata)
1364 2875 1418 2911 <9⁴
1439 2861 1755 2925 Monas‘feriorum
1789 2852 1970 2921 congessi·-

428 2952 519 2982 mus.

500 3000 661 3048 Tertio
686 3034 698 3056 ‚
734 3000 793 3044 Ea
826 3013 903 3058 (με
943 3002 1103 3064 deinceps
1129 3001 1166 3046 in
1188 2998 1366 3063 Ecclefiis
1390 2998 1713 3046 Britanniarum
1741 2987 1972 3052 Reformatis

432 3068 541 3135 ufijue
557 3067 605 3113 ad
623 3066 748 3131 nostra
776 3077 935 3127 tempora
954 3069 1180 3121 acciderunt,
1213 3069 1521 3113 concinnavimus.

497 3142 612 3199 Opus,
634 3138 757 3196 spero,
791 3131 910 3178 doffis
941 3133 1150 3196 plerumque
1171 3145 1327 3194 gratum
1348 3146 1457 3197 atque
1484 3129 1571 3176 utile
1592 3164 1606 3185 ,
1641 3125 1764 3172 varie
1782 3134 1920 3181 tamen,
1956 3138 1977 3167 e

438 3208 549 3253 varia
561 3203 790 3268 singulorum
805 3200 1002 3247 Tomorum
1019 3198 1443 3262 rationeffirimusjorte
1463 3198 1576 3261 magis
1585 3191 1778 3261 speciatim
1796 3189 1974 3238 arridebit

439 3275 517 3333 (Rei
549 3273 707 3335 antiquae
740 3268 952 3336 Studiosisj,
986 3267 1192 3327 Secundus,
1221 3265 1455 3332 Jurisnostri
1487 3261 1733 3330 Ecclesiastici
1752 3254 1976 3326 Profeffori-

439 3341 520 3388 hus.
589 3341 755 3398 Tertius,
791 3338 874 3386 His
907 3338 970 3403 qui
990 3333 1222 3404 (Rcformatae
1241 3334 1339 3398 apud
1366 3353 1428 3382 nos
1447 3331 1620 3398 Ecclesiae
1638 3326 1793 3382 Modum
1813 3344 1865 3377 υ-
1886 3326 1976 3375 Ne-

1835 3396 1979 3460 gotium
