<?xml version="1.0" encoding="UTF-8"?>
<!DOCTYPE html PUBLIC "-//W3C//DTD XHTML 1.0 Transitional//EN"
    "http://www.w3.org/TR/xhtml1/DTD/xhtml1-transitional.dtd">
<html xmlns="http://www.w3.org/1999/xhtml" xml:lang="en" lang="en">
 <head>
  <title>
</title>
<meta http-equiv="Content-Type" content="text/html;charset=utf-8" />
  <meta name='ocr-system' content='tesseract 3.04.00' />
  <meta name='ocr-capabilities' content='ocr_page ocr_carea ocr_par ocr_line ocrx_word'/>
</head>
<body>
  <div class='ocr_page' id='page_1' title='image "./glossariumarchia00spel_0015.png"; bbox 0 0 2305 3809; ppageno 0'>
   <div class='ocr_carea' id='block_1_1' title="bbox 151 173 1940 276">
    <p class='ocr_par' dir='ltr' id='par_1_1' title="bbox 151 173 1940 276">
     <span class='ocr_line' id='line_1_1' title="bbox 151 173 1940 276; baseline -0.001 -17"><span class='ocrx_word' id='word_1_1' title='bbox 151 173 1940 276; x_wconf 61' lang='lat' dir='ltr'>W</span> 
     </span>
    </p>
   </div>
   <div class='ocr_carea' id='block_1_2' title="bbox 143 293 1668 314">
    <p class='ocr_par' dir='ltr' id='par_1_2' title="bbox 143 293 1668 314">
     <span class='ocr_line' id='line_1_2' title="bbox 143 293 1668 314; baseline 0 3495"><span class='ocrx_word' id='word_1_2' title='bbox 143 293 1668 314; x_wconf 95' lang='lat' dir='ltr'> </span> 
     </span>
    </p>
   </div>
   <div class='ocr_carea' id='block_1_3' title="bbox 1939 183 2143 196">
    <p class='ocr_par' dir='ltr' id='par_1_3' title="bbox 1939 183 2143 196">
     <span class='ocr_line' id='line_1_3' title="bbox 1939 183 2143 196; baseline 0.005 -3"><span class='ocrx_word' id='word_1_3' title='bbox 1939 183 1975 189; x_wconf 50' lang='lat' dir='ltr'>u*</span> <span class='ocrx_word' id='word_1_4' title='bbox 1985 187 2143 196; x_wconf 48' lang='grc' dir='ltr'>Ἣ.</span> 
     </span>
    </p>
   </div>
   <div class='ocr_carea' id='block_1_4' title="bbox 365 293 2140 388">
    <p class='ocr_par' dir='ltr' id='par_1_4' title="bbox 365 293 2140 388">
     <span class='ocr_line' id='line_1_4' title="bbox 1670 293 2140 320; baseline 0 0"><span class='ocrx_word' id='word_1_5' title='bbox 1670 293 2019 316; x_wconf 40' lang='grc' dir='ltr'>ἊἋ</span> <span class='ocrx_word' id='word_1_6' title='bbox 2032 311 2140 320; x_wconf 63' lang='lat'><em>——....</em></span> 
     </span>
     <span class='ocr_line' id='line_1_5' title="bbox 365 320 1908 388; baseline -0.002 -11"><span class='ocrx_word' id='word_1_7' title='bbox 365 337 378 360; x_wconf 91' lang='lat'>‘</span> <span class='ocrx_word' id='word_1_8' title='bbox 402 328 588 377; x_wconf 79' lang='lat' dir='ltr'>Idiomatis</span> <span class='ocrx_word' id='word_1_9' title='bbox 608 323 935 388; x_wconf 80' lang='lat' dir='ltr'>Manuscriptos</span> <span class='ocrx_word' id='word_1_10' title='bbox 950 320 1157 381; x_wconf 85' lang='lat' dir='ltr'>Codices,</span> <span class='ocrx_word' id='word_1_11' title='bbox 1176 337 1288 385; x_wconf 89' lang='lat' dir='ltr'>quot</span> <span class='ocrx_word' id='word_1_12' title='bbox 1307 324 1350 371; x_wconf 89' lang='lat' dir='ltr'>in</span> <span class='ocrx_word' id='word_1_13' title='bbox 1366 320 1474 371; x_wconf 91' lang='lat' dir='ltr'>orbe</span> <span class='ocrx_word' id='word_1_14' title='bbox 1490 321 1593 369; x_wconf 89' lang='lat' dir='ltr'>alias</span> <span class='ocrx_word' id='word_1_15' title='bbox 1610 320 1725 369; x_wconf 87' lang='lat' dir='ltr'>haud</span> <span class='ocrx_word' id='word_1_16' title='bbox 1748 329 1908 386; x_wconf 87' lang='lat' dir='ltr'>opinor</span> 
     </span>
    </p>
   </div>
   <div class='ocr_carea' id='block_1_5' title="bbox 363 389 1986 3512">
    <p class='ocr_par' dir='ltr' id='par_1_5' title="bbox 363 389 1986 3512">
     <span class='ocr_line' id='line_1_6' title="bbox 363 389 1909 460; baseline -0.006 -17"><span class='ocrx_word' id='word_1_17' title='bbox 363 404 378 426; x_wconf 84' lang='lat'><em>‘</em></span> <span class='ocrx_word' id='word_1_18' title='bbox 394 397 569 460; x_wconf 86' lang='lat' dir='ltr'>reperiri</span> <span class='ocrx_word' id='word_1_19' title='bbox 587 414 596 443; x_wconf 94' lang='lat'>:</span> <span class='ocrx_word' id='word_1_20' title='bbox 633 392 711 441; x_wconf 80' lang='lat' dir='ltr'>situ</span> <span class='ocrx_word' id='word_1_21' title='bbox 730 409 881 441; x_wconf 90' lang='lat' dir='ltr'>tamen</span> <span class='ocrx_word' id='word_1_22' title='bbox 900 397 946 440; x_wconf 89' lang='lat'>&amp;</span> <span class='ocrx_word' id='word_1_23' title='bbox 962 389 1162 454; x_wconf 73' lang='lat' dir='ltr'>squalore</span> <span class='ocrx_word' id='word_1_24' title='bbox 1176 392 1401 453; x_wconf 87' lang='lat' dir='ltr'>corrumpi</span> <span class='ocrx_word' id='word_1_25' title='bbox 1424 408 1499 439; x_wconf 90' lang='lat' dir='ltr'>eos</span> <span class='ocrx_word' id='word_1_26' title='bbox 1520 429 1533 451; x_wconf 91' lang='lat'>,</span> <span class='ocrx_word' id='word_1_27' title='bbox 1570 389 1679 438; x_wconf 89' lang='lat' dir='ltr'>dum</span> <span class='ocrx_word' id='word_1_28' title='bbox 1695 409 1719 438; x_wconf 92' lang='lat' dir='ltr'>e</span> <span class='ocrx_word' id='word_1_29' title='bbox 1737 394 1909 443; x_wconf 58' lang='lat' dir='ltr'>Docto,</span> 
     </span>
     <span class='ocr_line' id='line_1_7' title="bbox 364 456 1910 524; baseline -0.002 -10"><span class='ocrx_word' id='word_1_30' title='bbox 364 473 377 495; x_wconf 88' lang='lat'>‘</span> <span class='ocrx_word' id='word_1_31' title='bbox 401 483 500 514; x_wconf 89' lang='lat' dir='ltr'>rum</span> <span class='ocrx_word' id='word_1_32' title='bbox 515 461 710 511; x_wconf 90' lang='lat' dir='ltr'>millibus</span> <span class='ocrx_word' id='word_1_33' title='bbox 729 480 785 510; x_wconf 92' lang='lat' dir='ltr'>ne</span> <span class='ocrx_word' id='word_1_34' title='bbox 800 459 873 510; x_wconf 87' lang='lat' dir='ltr'>vel</span> <span class='ocrx_word' id='word_1_35' title='bbox 894 459 1047 523; x_wconf 87' lang='lat' dir='ltr'>Mysta</span> <span class='ocrx_word' id='word_1_36' title='bbox 1067 474 1176 506; x_wconf 89' lang='lat' dir='ltr'>unus</span> <span class='ocrx_word' id='word_1_37' title='bbox 1194 497 1207 519; x_wconf 93' lang='lat'>,</span> <span class='ocrx_word' id='word_1_38' title='bbox 1259 458 1332 507; x_wconf 86' lang='lat' dir='ltr'>vel</span> <span class='ocrx_word' id='word_1_39' title='bbox 1353 461 1539 524; x_wconf 78' lang='lat' dir='ltr'>Lingua:</span> <span class='ocrx_word' id='word_1_40' title='bbox 1559 456 1673 507; x_wconf 89' lang='lat' dir='ltr'>illius</span> <span class='ocrx_word' id='word_1_41' title='bbox 1689 459 1910 523; x_wconf 83' lang='lat' dir='ltr'>quispiam</span> 
     </span>
     <span class='ocr_line' id='line_1_8' title="bbox 363 525 1910 591; baseline -0.004 -9"><span class='ocrx_word' id='word_1_42' title='bbox 363 540 376 561; x_wconf 90' lang='lat'>‘</span> <span class='ocrx_word' id='word_1_43' title='bbox 395 531 568 582; x_wconf 85' lang='lat' dir='ltr'>Sciolus</span> <span class='ocrx_word' id='word_1_44' title='bbox 583 528 813 589; x_wconf 83' lang='lat' dir='ltr'>habeatur,</span> <span class='ocrx_word' id='word_1_45' title='bbox 849 532 926 591; x_wconf 92' lang='lat' dir='ltr'>qui</span> <span class='ocrx_word' id='word_1_46' title='bbox 943 525 1017 573; x_wconf 91' lang='lat' dir='ltr'>vel</span> <span class='ocrx_word' id='word_1_47' title='bbox 1039 542 1182 572; x_wconf 89' lang='lat' dir='ltr'>unum</span> <span class='ocrx_word' id='word_1_48' title='bbox 1197 525 1441 574; x_wconf 81' lang='lat' dir='ltr'>eorundem</span> <span class='ocrx_word' id='word_1_49' title='bbox 1469 526 1665 590; x_wconf 82' lang='lat' dir='ltr'><strong>aliquem</strong></span> <span class='ocrx_word' id='word_1_50' title='bbox 1698 528 1795 575; x_wconf 91' lang='lat' dir='ltr'>luce</span> <span class='ocrx_word' id='word_1_51' title='bbox 1827 528 1910 578; x_wconf 88' lang='lat' dir='ltr'>do-</span> 
     </span>
     <span class='ocr_line' id='line_1_9' title="bbox 363 591 1908 661; baseline -0.002 -13"><span class='ocrx_word' id='word_1_52' title='bbox 363 609 377 631; x_wconf 88' lang='lat'>‘</span> <span class='ocrx_word' id='word_1_53' title='bbox 396 616 488 661; x_wconf 92' lang='lat' dir='ltr'>net,</span> <span class='ocrx_word' id='word_1_54' title='bbox 522 615 598 650; x_wconf 88' lang='lat' dir='ltr'>aut</span> <span class='ocrx_word' id='word_1_55' title='bbox 614 597 827 647; x_wconf 90' lang='lat' dir='ltr'>enucleet.</span> <span class='ocrx_word' id='word_1_56' title='bbox 903 597 1069 644; x_wconf 89' lang='lat' dir='ltr'>Annon</span> <span class='ocrx_word' id='word_1_57' title='bbox 1099 596 1211 638; x_wconf 91' lang='lat' dir='ltr'>mira</span> <span class='ocrx_word' id='word_1_58' title='bbox 1246 591 1339 640; x_wconf 84' lang='lat' dir='ltr'>haec</span> <span class='ocrx_word' id='word_1_59' title='bbox 1353 593 1634 643; x_wconf 86' lang='lat' dir='ltr'>Nostratium</span> <span class='ocrx_word' id='word_1_60' title='bbox 1651 596 1908 658; x_wconf 81' lang='lat' dir='ltr'>Curiofitas,</span> 
     </span>
     <span class='ocr_line' id='line_1_10' title="bbox 363 657 1909 729; baseline -0.001 -13"><span class='ocrx_word' id='word_1_61' title='bbox 363 677 376 699; x_wconf 89' lang='lat'>‘</span> <span class='ocrx_word' id='word_1_62' title='bbox 397 667 500 718; x_wconf 90' lang='lat' dir='ltr'>foris</span> <span class='ocrx_word' id='word_1_63' title='bbox 529 666 611 717; x_wconf 83' lang='lat' dir='ltr'>effe</span> <span class='ocrx_word' id='word_1_64' title='bbox 638 664 887 722; x_wconf 75' lang='lat' dir='ltr'>familiareS,</span> <span class='ocrx_word' id='word_1_65' title='bbox 907 660 1032 706; x_wconf 90' lang='lat' dir='ltr'>domi</span> <span class='ocrx_word' id='word_1_66' title='bbox 1054 657 1242 720; x_wconf 85' lang='lat' dir='ltr'>hospites</span> <span class='ocrx_word' id='word_1_67' title='bbox 1264 669 1278 705; x_wconf 88' lang='lat'>?</span> <span class='ocrx_word' id='word_1_68' title='bbox 1330 660 1508 708; x_wconf 84' lang='lat' dir='ltr'>Callere</span> <span class='ocrx_word' id='word_1_69' title='bbox 1526 663 1700 729; x_wconf 79' lang='lat' dir='ltr'>linguas</span> <span class='ocrx_word' id='word_1_70' title='bbox 1720 680 1909 728; x_wconf 81' lang='lat' dir='ltr'>exteraS,</span> 
     </span>
     <span class='ocr_line' id='line_1_11' title="bbox 365 725 1911 799; baseline -0.007 -17"><span class='ocrx_word' id='word_1_71' title='bbox 365 746 379 769; x_wconf 66' lang='grc' dir='ltr'>ί</span> <span class='ocrx_word' id='word_1_72' title='bbox 394 737 552 786; x_wconf 85' lang='lat' dir='ltr'>nescire</span> <span class='ocrx_word' id='word_1_73' title='bbox 573 738 731 799; x_wconf 67' lang='lat' dir='ltr'>patrias</span> <span class='ocrx_word' id='word_1_74' title='bbox 751 743 765 776; x_wconf 72' lang='grc' dir='ltr'><strong><em>ἓ</em></strong></span> <span class='ocrx_word' id='word_1_75' title='bbox 799 730 1066 777; x_wconf 86' lang='lat' dir='ltr'>Saxonicam</span> <span class='ocrx_word' id='word_1_76' title='bbox 1080 744 1189 774; x_wconf 91' lang='lat' dir='ltr'>vero</span> <span class='ocrx_word' id='word_1_77' title='bbox 1205 725 1330 794; x_wconf 89' lang='lat' dir='ltr'>quod</span> <span class='ocrx_word' id='word_1_78' title='bbox 1344 730 1530 788; x_wconf 81' lang='lat' dir='ltr'>attinet3</span> <span class='ocrx_word' id='word_1_79' title='bbox 1563 749 1618 778; x_wconf 89' lang='lat' dir='ltr'>eo</span> <span class='ocrx_word' id='word_1_80' title='bbox 1639 732 1749 778; x_wconf 87' lang='lat' dir='ltr'>olim</span> <span class='ocrx_word' id='word_1_81' title='bbox 1767 736 1812 780; x_wconf 90' lang='lat' dir='ltr'>in</span> <span class='ocrx_word' id='word_1_82' title='bbox 1832 734 1911 783; x_wconf 69' lang='lat' dir='ltr'>ho,</span> 
     </span>
     <span class='ocr_line' id='line_1_12' title="bbox 370 793 1912 864; baseline -0.003 -10"><span class='ocrx_word' id='word_1_83' title='bbox 370 815 382 836; x_wconf 86' lang='lat'>‘</span> <span class='ocrx_word' id='word_1_84' title='bbox 397 824 505 853; x_wconf 92' lang='lat' dir='ltr'>nore</span> <span class='ocrx_word' id='word_1_85' title='bbox 520 804 601 852; x_wconf 88' lang='lat' dir='ltr'>fuit</span> <span class='ocrx_word' id='word_1_86' title='bbox 635 799 778 855; x_wconf 88' lang='lat' dir='ltr'>(forte</span> <span class='ocrx_word' id='word_1_87' title='bbox 794 796 821 849; x_wconf 68' lang='grc' dir='ltr'>ὲ</span> <span class='ocrx_word' id='word_1_88' title='bbox 840 799 994 845; x_wconf 76' lang='lat' dir='ltr'>Graeco</span> <span class='ocrx_word' id='word_1_89' title='bbox 1011 795 1202 859; x_wconf 86' lang='lat' dir='ltr'>plurima</span> <span class='ocrx_word' id='word_1_90' title='bbox 1219 793 1457 855; x_wconf 83' lang='lat' dir='ltr'>retuliffet)</span> <span class='ocrx_word' id='word_1_91' title='bbox 1495 812 1541 842; x_wconf 86' lang='lat' dir='ltr'>ut</span> <span class='ocrx_word' id='word_1_92' title='bbox 1557 796 1811 847; x_wconf 68' lang='lat' dir='ltr'>doctissimo</span> <span class='ocrx_word' id='word_1_93' title='bbox 1831 801 1912 864; x_wconf 82' lang='lat' dir='ltr'>ipsi</span> 
     </span>
     <span class='ocr_line' id='line_1_13' title="bbox 367 861 1974 933; baseline -0.001 -15"><span class='ocrx_word' id='word_1_94' title='bbox 367 882 380 905; x_wconf 88' lang='lat'>‘</span> <span class='ocrx_word' id='word_1_95' title='bbox 405 874 517 924; x_wconf 69' lang='lat' dir='ltr'>OE&#39;edae</span> <span class='ocrx_word' id='word_1_96' title='bbox 535 866 871 933; x_wconf 83' lang='lat' dir='ltr'>Anglo-Saxoni</span> <span class='ocrx_word' id='word_1_97' title='bbox 889 867 999 913; x_wconf 86' lang='lat' dir='ltr'>inter</span> <span class='ocrx_word' id='word_1_98' title='bbox 1039 863 1190 911; x_wconf 87' lang='lat' dir='ltr'>laudes</span> <span class='ocrx_word' id='word_1_99' title='bbox 1211 862 1354 924; x_wconf 88' lang='lat' dir='ltr'>detur,</span> <span class='ocrx_word' id='word_1_100' title='bbox 1389 861 1512 912; x_wconf 76' lang='lat' dir='ltr'>fuisse</span> <span class='ocrx_word' id='word_1_101' title='bbox 1545 863 1731 913; x_wconf 64' lang='lat' dir='ltr'>doetum</span> <span class='ocrx_word' id='word_1_102' title='bbox 1748 869 1792 914; x_wconf 95' lang='lat' dir='ltr'>in</span> <span class='ocrx_word' id='word_1_103' title='bbox 1813 874 1914 916; x_wconf 80' lang='lat' dir='ltr'>Sax-</span> <span class='ocrx_word' id='word_1_104' title='bbox 1972 861 1974 863; x_wconf 35' lang='lat'>¹</span> 
     </span>
     <span class='ocr_line' id='line_1_14' title="bbox 372 931 1917 1001; baseline -0.001 -16"><span class='ocrx_word' id='word_1_105' title='bbox 372 951 385 971; x_wconf 85' lang='lat'>‘</span> <span class='ocrx_word' id='word_1_106' title='bbox 399 941 525 989; x_wconf 87' lang='lat' dir='ltr'>onica</span> <span class='ocrx_word' id='word_1_107' title='bbox 541 936 708 1001; x_wconf 86' lang='lat' dir='ltr'>lingua.</span> <span class='ocrx_word' id='word_1_108' title='bbox 743 936 887 983; x_wconf 87' lang='lat' dir='ltr'>Tanti</span> <span class='ocrx_word' id='word_1_109' title='bbox 901 935 1032 981; x_wconf 88' lang='lat' dir='ltr'>etiam</span> <span class='ocrx_word' id='word_1_110' title='bbox 1064 931 1189 995; x_wconf 84' lang='lat' dir='ltr'>apud</span> <span class='ocrx_word' id='word_1_111' title='bbox 1204 936 1394 999; x_wconf 84' lang='lat' dir='ltr'>majores</span> <span class='ocrx_word' id='word_1_112' title='bbox 1411 931 1581 981; x_wconf 89' lang='lat' dir='ltr'>nostros</span> <span class='ocrx_word' id='word_1_113' title='bbox 1598 933 1696 998; x_wconf 90' lang='lat' dir='ltr'>post</span> <span class='ocrx_word' id='word_1_114' title='bbox 1710 934 1917 985; x_wconf 61' lang='lat' dir='ltr'>subaeros</span> 
     </span>
     <span class='ocr_line' id='line_1_15' title="bbox 366 1001 1916 1071; baseline -0.001 -17"><span class='ocrx_word' id='word_1_115' title='bbox 366 1016 380 1038; x_wconf 88' lang='lat'>‘</span> <span class='ocrx_word' id='word_1_116' title='bbox 403 1004 784 1071; x_wconf 82' lang='lat' dir='ltr'>Anglo-Saxones‚</span> <span class='ocrx_word' id='word_1_117' title='bbox 820 1018 868 1051; x_wconf 91' lang='lat' dir='ltr'>ut</span> <span class='ocrx_word' id='word_1_118' title='bbox 881 1001 935 1050; x_wconf 88' lang='lat' dir='ltr'>ad</span> <span class='ocrx_word' id='word_1_119' title='bbox 970 1001 1246 1050; x_wconf 71' lang='lat' dir='ltr'>retinendam</span> <span class='ocrx_word' id='word_1_120' title='bbox 1262 1019 1362 1048; x_wconf 89' lang='lat' dir='ltr'>eam</span> <span class='ocrx_word' id='word_1_121' title='bbox 1402 1017 1536 1069; x_wconf 87' lang='lat' dir='ltr'>atque</span> <span class='ocrx_word' id='word_1_122' title='bbox 1560 1004 1916 1069; x_wconf 68' lang='lat' dir='ltr'>propagandam,</span> 
     </span>
     <span class='ocr_line' id='line_1_16' title="bbox 364 1069 1918 1141; baseline -0.001 -19"><span class='ocrx_word' id='word_1_123' title='bbox 364 1082 377 1103; x_wconf 86' lang='lat'>‘</span> <span class='ocrx_word' id='word_1_124' title='bbox 397 1074 698 1123; x_wconf 68' lang='lat' dir='ltr'>Praelestiones</span> <span class='ocrx_word' id='word_1_125' title='bbox 716 1070 931 1141; x_wconf 86' lang='lat' dir='ltr'>quasdam</span> <span class='ocrx_word' id='word_1_126' title='bbox 949 1069 1207 1118; x_wconf 89' lang='lat' dir='ltr'>instituerint</span> <span class='ocrx_word' id='word_1_127' title='bbox 1222 1072 1332 1119; x_wconf 87' lang='lat' dir='ltr'>inter</span> <span class='ocrx_word' id='word_1_128' title='bbox 1351 1070 1612 1119; x_wconf 85' lang='lat' dir='ltr'>Coenobitas</span> <span class='ocrx_word' id='word_1_129' title='bbox 1631 1073 1857 1138; x_wconf 69' lang='lat' dir='ltr'>Tavtstokiae</span> <span class='ocrx_word' id='word_1_130' title='bbox 1871 1077 1918 1120; x_wconf 86' lang='lat' dir='ltr'>in</span> 
     </span>
     <span class='ocr_line' id='line_1_17' title="bbox 367 1138 1920 1212; baseline -0.001 -20"><span class='ocrx_word' id='word_1_131' title='bbox 367 1151 379 1171; x_wconf 92' lang='lat'>‘</span> <span class='ocrx_word' id='word_1_132' title='bbox 395 1148 522 1210; x_wconf 89' lang='lat' dir='ltr'>Agro</span> <span class='ocrx_word' id='word_1_133' title='bbox 567 1142 811 1212; x_wconf 70' lang='lat' dir='ltr'>Devonienfi,</span> <span class='ocrx_word' id='word_1_134' title='bbox 860 1156 958 1207; x_wconf 75' lang='lat' dir='ltr'>qua:</span> <span class='ocrx_word' id='word_1_135' title='bbox 1010 1139 1064 1187; x_wconf 89' lang='lat' dir='ltr'>ad</span> <span class='ocrx_word' id='word_1_136' title='bbox 1099 1142 1304 1186; x_wconf 79' lang='lat' dir='ltr'>Avoruin</span> <span class='ocrx_word' id='word_1_137' title='bbox 1351 1138 1600 1187; x_wconf 87' lang='lat' dir='ltr'>nostrorum</span> <span class='ocrx_word' id='word_1_138' title='bbox 1650 1144 1920 1190; x_wconf 81' lang='lat' dir='ltr'>memoriam</span> 
     </span>
     <span class='ocr_line' id='line_1_18' title="bbox 366 1205 1909 1274; baseline -0.001 -15"><span class='ocrx_word' id='word_1_139' title='bbox 366 1221 378 1241; x_wconf 84' lang='lat'>‘</span> <span class='ocrx_word' id='word_1_140' title='bbox 401 1209 587 1259; x_wconf 82' lang='lat' dir='ltr'>floruisse</span> <span class='ocrx_word' id='word_1_141' title='bbox 607 1210 879 1269; x_wconf 88' lang='lat' dir='ltr'>dicuntur‚et</span> <span class='ocrx_word' id='word_1_142' title='bbox 894 1226 998 1256; x_wconf 89' lang='lat' dir='ltr'>cum</span> <span class='ocrx_word' id='word_1_143' title='bbox 1014 1205 1110 1272; x_wconf 90' lang='lat' dir='ltr'>ipfis</span> <span class='ocrx_word' id='word_1_144' title='bbox 1138 1206 1419 1256; x_wconf 84' lang='lat' dir='ltr'>Monasteriis</span> <span class='ocrx_word' id='word_1_145' title='bbox 1444 1207 1648 1257; x_wconf 88' lang='lat' dir='ltr'>videntur</span> <span class='ocrx_word' id='word_1_146' title='bbox 1666 1208 1909 1274; x_wconf 75' lang='lat' dir='ltr'>exspirasse.</span> 
     </span>
     <span class='ocr_line' id='line_1_19' title="bbox 367 1275 1921 1345; baseline 0 -18"><span class='ocrx_word' id='word_1_147' title='bbox 367 1288 380 1310; x_wconf 84' lang='lat'>‘</span> <span class='ocrx_word' id='word_1_148' title='bbox 403 1280 612 1345; x_wconf 84' lang='lat' dir='ltr'>Elanguit</span> <span class='ocrx_word' id='word_1_149' title='bbox 640 1298 696 1328; x_wconf 79' lang='lat' dir='ltr'>ex</span> <span class='ocrx_word' id='word_1_150' title='bbox 729 1296 781 1326; x_wconf 87' lang='lat' dir='ltr'>ea</span> <span class='ocrx_word' id='word_1_151' title='bbox 822 1276 909 1339; x_wconf 88' lang='lat' dir='ltr'>die,</span> <span class='ocrx_word' id='word_1_152' title='bbox 964 1283 1011 1325; x_wconf 69' lang='grc' dir='ltr'>δε</span> <span class='ocrx_word' id='word_1_153' title='bbox 1047 1275 1265 1340; x_wconf 83' lang='lat' dir='ltr'>paulatim</span> <span class='ocrx_word' id='word_1_154' title='bbox 1320 1278 1381 1324; x_wconf 88' lang='lat' dir='ltr'>ita</span> <span class='ocrx_word' id='word_1_155' title='bbox 1433 1275 1660 1327; x_wconf 85' lang='lat' dir='ltr'>exhalavit</span> <span class='ocrx_word' id='word_1_156' title='bbox 1720 1282 1921 1327; x_wconf 86' lang='lat' dir='ltr'>animam</span> 
     </span>
     <span class='ocr_line' id='line_1_20' title="bbox 366 1343 1923 1410; baseline 0 -15"><span class='ocrx_word' id='word_1_157' title='bbox 366 1355 379 1376; x_wconf 84' lang='lat'>‘</span> <span class='ocrx_word' id='word_1_158' title='bbox 401 1347 550 1396; x_wconf 89' lang='lat' dir='ltr'>nobile</span> <span class='ocrx_word' id='word_1_159' title='bbox 571 1346 679 1396; x_wconf 90' lang='lat' dir='ltr'>illud</span> <span class='ocrx_word' id='word_1_160' title='bbox 701 1350 927 1410; x_wconf 84' lang='lat' dir='ltr'>majorum</span> <span class='ocrx_word' id='word_1_161' title='bbox 943 1343 1196 1394; x_wconf 86' lang='lat' dir='ltr'>nostrorum</span> <span class='ocrx_word' id='word_1_162' title='bbox 1227 1350 1274 1393; x_wconf 89' lang='lat'>&amp;</span> <span class='ocrx_word' id='word_1_163' title='bbox 1294 1344 1595 1409; x_wconf 87' lang='lat' dir='ltr'>pervetustum</span> <span class='ocrx_word' id='word_1_164' title='bbox 1617 1346 1859 1407; x_wconf 81' lang='lat' dir='ltr'>idioma,ut</span> <span class='ocrx_word' id='word_1_165' title='bbox 1878 1351 1923 1395; x_wconf 90' lang='lat' dir='ltr'>in</span> 
     </span>
     <span class='ocr_line' id='line_1_21' title="bbox 365 1412 1986 1479; baseline -0.001 -14"><span class='ocrx_word' id='word_1_166' title='bbox 365 1424 379 1446; x_wconf 89' lang='lat'>‘</span> <span class='ocrx_word' id='word_1_167' title='bbox 400 1416 615 1465; x_wconf 86' lang='lat' dir='ltr'>Universo</span> <span class='ocrx_word' id='word_1_168' title='bbox 649 1422 664 1473; x_wconf 97' lang='lat'>(</span> <span class='ocrx_word' id='word_1_169' title='bbox 684 1415 805 1479; x_wconf 84' lang='lat' dir='ltr'>quod</span> <span class='ocrx_word' id='word_1_170' title='bbox 828 1414 992 1475; x_wconf 89' lang='lat' dir='ltr'>sciam)</span> <span class='ocrx_word' id='word_1_171' title='bbox 1029 1412 1171 1474; x_wconf 85' lang='lat' dir='ltr'>Orbe,</span> <span class='ocrx_word' id='word_1_172' title='bbox 1209 1431 1266 1462; x_wconf 89' lang='lat' dir='ltr'>ne</span> <span class='ocrx_word' id='word_1_173' title='bbox 1280 1432 1390 1462; x_wconf 88' lang='lat' dir='ltr'>unus</span> <span class='ocrx_word' id='word_1_174' title='bbox 1407 1414 1539 1463; x_wconf 81' lang='lat' dir='ltr'>hodie</span> <span class='ocrx_word' id='word_1_175' title='bbox 1556 1418 1810 1477; x_wconf 72' lang='lat' dir='ltr'>reperiatur,</span> <span class='ocrx_word' id='word_1_176' title='bbox 1846 1418 1922 1479; x_wconf 86' lang='lat' dir='ltr'>qui</span> <span class='ocrx_word' id='word_1_177' title='bbox 1983 1442 1986 1444; x_wconf 21' lang='grc' dir='ltr'><strong>Δ</strong></span> 
     </span>
     <span class='ocr_line' id='line_1_22' title="bbox 368 1481 1923 1547; baseline 0.001 -16"><span class='ocrx_word' id='word_1_178' title='bbox 368 1493 381 1515; x_wconf 88' lang='lat'>‘</span> <span class='ocrx_word' id='word_1_179' title='bbox 400 1485 484 1533; x_wconf 86' lang='lat' dir='ltr'>hoc</span> <span class='ocrx_word' id='word_1_180' title='bbox 509 1483 609 1532; x_wconf 90' lang='lat' dir='ltr'>scite</span> <span class='ocrx_word' id='word_1_181' title='bbox 656 1482 937 1547; x_wconf 64' lang='lat' dir='ltr'>perfecteque</span> <span class='ocrx_word' id='word_1_182' title='bbox 957 1481 1130 1543; x_wconf 76' lang='lat' dir='ltr'>calleat,</span> <span class='ocrx_word' id='word_1_183' title='bbox 1172 1485 1303 1546; x_wconf 86' lang='lat' dir='ltr'>pauci</span> <span class='ocrx_word' id='word_1_184' title='bbox 1337 1482 1522 1546; x_wconf 88' lang='lat' dir='ltr'>quidem</span> <span class='ocrx_word' id='word_1_185' title='bbox 1541 1487 1619 1546; x_wconf 89' lang='lat' dir='ltr'>qui</span> <span class='ocrx_word' id='word_1_186' title='bbox 1635 1483 1705 1533; x_wconf 90' lang='lat' dir='ltr'>vel</span> <span class='ocrx_word' id='word_1_187' title='bbox 1726 1484 1923 1533; x_wconf 85' lang='lat' dir='ltr'>exoletas</span> 
     </span>
     <span class='ocr_line' id='line_1_23' title="bbox 368 1550 1922 1620; baseline 0 -20"><span class='ocrx_word' id='word_1_188' title='bbox 368 1560 381 1582; x_wconf 90' lang='lat'>‘</span> <span class='ocrx_word' id='word_1_189' title='bbox 400 1553 544 1602; x_wconf 85' lang='lat' dir='ltr'>literas</span> <span class='ocrx_word' id='word_1_190' title='bbox 579 1550 900 1620; x_wconf 86' lang='lat' dir='ltr'>usquequaque</span> <span class='ocrx_word' id='word_1_191' title='bbox 920 1555 1143 1601; x_wconf 86' lang='lat' dir='ltr'>noverint.</span> <span class='ocrx_word' id='word_1_192' title='bbox 1182 1555 1293 1610; x_wconf 88' lang='lat' dir='ltr'>Qo</span> <span class='ocrx_word' id='word_1_193' title='bbox 1307 1568 1457 1598; x_wconf 89' lang='lat' dir='ltr'>autem</span> <span class='ocrx_word' id='word_1_194' title='bbox 1480 1555 1732 1614; x_wconf 76' lang='lat' dir='ltr'>juventutis</span> <span class='ocrx_word' id='word_1_195' title='bbox 1749 1552 1922 1601; x_wconf 69' lang='lat' dir='ltr'>Acade0</span> 
     </span>
     <span class='ocr_line' id='line_1_24' title="bbox 367 1614 1923 1685; baseline -0.003 -16"><span class='ocrx_word' id='word_1_196' title='bbox 367 1624 492 1670; x_wconf 84' lang='lat' dir='ltr'>micae</span> <span class='ocrx_word' id='word_1_197' title='bbox 522 1625 699 1685; x_wconf 88' lang='lat' dir='ltr'>ingenia</span> <span class='ocrx_word' id='word_1_198' title='bbox 741 1620 796 1667; x_wconf 86' lang='lat' dir='ltr'>ad</span> <span class='ocrx_word' id='word_1_199' title='bbox 830 1623 939 1666; x_wconf 88' lang='lat' dir='ltr'>hanc</span> <span class='ocrx_word' id='word_1_200' title='bbox 972 1618 1176 1676; x_wconf 77' lang='lat' dir='ltr'>linguam</span> <span class='ocrx_word' id='word_1_201' title='bbox 1208 1614 1519 1659; x_wconf 82' lang='lat' dir='ltr'>addiscendam</span> <span class='ocrx_word' id='word_1_202' title='bbox 1555 1635 1729 1663; x_wconf 78' lang='lat' dir='ltr'>acueret</span> <span class='ocrx_word' id='word_1_203' title='bbox 1764 1626 1813 1665; x_wconf 70' lang='grc' dir='ltr'>ἃ,</span> <span class='ocrx_word' id='word_1_204' title='bbox 1847 1622 1923 1665; x_wconf 83' lang='lat' dir='ltr'>ad-</span> 
     </span>
     <span class='ocr_line' id='line_1_25' title="bbox 366 1680 1925 1755; baseline -0.003 -18"><span class='ocrx_word' id='word_1_205' title='bbox 366 1693 555 1755; x_wconf 87' lang='lat' dir='ltr'>juvaret,</span> <span class='ocrx_word' id='word_1_206' title='bbox 592 1688 922 1730; x_wconf 68' lang='lat' dir='ltr'>Praeleetionem</span> <span class='ocrx_word' id='word_1_207' title='bbox 954 1681 1221 1728; x_wconf 81' lang='lat' dir='ltr'>Saxonicam</span> <span class='ocrx_word' id='word_1_208' title='bbox 1250 1680 1369 1743; x_wconf 88' lang='lat' dir='ltr'>apud</span> <span class='ocrx_word' id='word_1_209' title='bbox 1406 1680 1785 1748; x_wconf 84' lang='lat' dir='ltr'>Cantabrigienses</span> <span class='ocrx_word' id='word_1_210' title='bbox 1825 1704 1925 1748; x_wconf 61' lang='lat' dir='ltr'>pros</span> 
     </span>
     <span class='ocr_line' id='line_1_26' title="bbox 369 1747 1926 1817; baseline 0 -15"><span class='ocrx_word' id='word_1_211' title='bbox 369 1757 471 1817; x_wconf 88' lang='lat' dir='ltr'>priis</span> <span class='ocrx_word' id='word_1_212' title='bbox 506 1750 750 1814; x_wconf 85' lang='lat' dir='ltr'>sumptibus</span> <span class='ocrx_word' id='word_1_213' title='bbox 781 1747 992 1810; x_wconf 67' lang='lat' dir='ltr'>instituit,</span> <span class='ocrx_word' id='word_1_214' title='bbox 1029 1752 1085 1796; x_wconf 90' lang='lat' dir='ltr'>Et</span> <span class='ocrx_word' id='word_1_215' title='bbox 1122 1753 1217 1804; x_wconf 91' lang='lat' dir='ltr'>(ne</span> <span class='ocrx_word' id='word_1_216' title='bbox 1253 1749 1448 1812; x_wconf 86' lang='lat' dir='ltr'>Lampas</span> <span class='ocrx_word' id='word_1_217' title='bbox 1478 1749 1537 1798; x_wconf 88' lang='lat' dir='ltr'>ab</span> <span class='ocrx_word' id='word_1_218' title='bbox 1571 1769 1626 1799; x_wconf 92' lang='lat' dir='ltr'>eo</span> <span class='ocrx_word' id='word_1_219' title='bbox 1654 1749 1709 1799; x_wconf 84' lang='lat' dir='ltr'>fic</span> <span class='ocrx_word' id='word_1_220' title='bbox 1750 1753 1926 1802; x_wconf 84' lang='lat' dir='ltr'>accensa</span> 
     </span>
     <span class='ocr_line' id='line_1_27' title="bbox 368 1816 1925 1889; baseline 0 -18"><span class='ocrx_word' id='word_1_221' title='bbox 368 1822 470 1871; x_wconf 88' lang='lat' dir='ltr'>oleo</span> <span class='ocrx_word' id='word_1_222' title='bbox 486 1840 579 1889; x_wconf 90' lang='lat' dir='ltr'>quo</span> <span class='ocrx_word' id='word_1_223' title='bbox 596 1819 820 1868; x_wconf 86' lang='lat' dir='ltr'>foveretur</span> <span class='ocrx_word' id='word_1_224' title='bbox 838 1824 886 1866; x_wconf 91' lang='lat'>&amp;</span> <span class='ocrx_word' id='word_1_225' title='bbox 901 1816 1074 1867; x_wconf 85' lang='lat' dir='ltr'>arderet</span> <span class='ocrx_word' id='word_1_226' title='bbox 1092 1834 1294 1884; x_wconf 85' lang='lat' dir='ltr'>unquam</span> <span class='ocrx_word' id='word_1_227' title='bbox 1311 1816 1611 1868; x_wconf 84' lang='lat' dir='ltr'>destitueretur</span> <span class='ocrx_word' id='word_1_228' title='bbox 1632 1822 1654 1885; x_wconf 90' lang='lat'>)</span> <span class='ocrx_word' id='word_1_229' title='bbox 1692 1820 1925 1885; x_wconf 88' lang='lat' dir='ltr'>publicum</span> 
     </span>
     <span class='ocr_line' id='line_1_28' title="bbox 370 1882 1923 1956; baseline -0.001 -17"><span class='ocrx_word' id='word_1_230' title='bbox 370 1888 565 1956; x_wconf 85' lang='lat' dir='ltr'>ejusdem</span> <span class='ocrx_word' id='word_1_231' title='bbox 587 1888 749 1955; x_wconf 83' lang='lat' dir='ltr'>linguae</span> <span class='ocrx_word' id='word_1_232' title='bbox 781 1886 951 1935; x_wconf 88' lang='lat' dir='ltr'>ibidem</span> <span class='ocrx_word' id='word_1_233' title='bbox 970 1882 1260 1936; x_wconf 80' lang='lat' dir='ltr'>Profefforem</span> <span class='ocrx_word' id='word_1_234' title='bbox 1279 1890 1463 1950; x_wconf 88' lang='lat' dir='ltr'>perenni</span> <span class='ocrx_word' id='word_1_235' title='bbox 1484 1892 1668 1951; x_wconf 85' lang='lat' dir='ltr'>praemio</span> <span class='ocrx_word' id='word_1_236' title='bbox 1693 1896 1740 1937; x_wconf 61' lang='grc' dir='ltr'>ὃς</span> <span class='ocrx_word' id='word_1_237' title='bbox 1758 1890 1923 1955; x_wconf 86' lang='lat' dir='ltr'>stipen-</span> 
     </span>
     <span class='ocr_line' id='line_1_29' title="bbox 371 1955 1922 2019; baseline 0 -12"><span class='ocrx_word' id='word_1_238' title='bbox 371 1961 447 2007; x_wconf 87' lang='lat' dir='ltr'>dio</span> <span class='ocrx_word' id='word_1_239' title='bbox 477 1958 724 2007; x_wconf 83' lang='lat' dir='ltr'>dotandum</span> <span class='ocrx_word' id='word_1_240' title='bbox 767 1955 963 2006; x_wconf 90' lang='lat' dir='ltr'>instituit.</span> <span class='ocrx_word' id='word_1_241' title='bbox 1038 1956 1325 2005; x_wconf 69' lang='lat' dir='ltr'>Doffiffimus</span> <span class='ocrx_word' id='word_1_242' title='bbox 1347 1956 1574 2004; x_wconf 80' lang='lat' dir='ltr'>Abrahamus</span> <span class='ocrx_word' id='word_1_243' title='bbox 1595 1960 1784 2008; x_wconf 69' lang='lat' dir='ltr'>Wheelock</span> <span class='ocrx_word' id='word_1_244' title='bbox 1805 1998 1817 2019; x_wconf 93' lang='lat'>,</span> <span class='ocrx_word' id='word_1_245' title='bbox 1861 1959 1922 2007; x_wconf 92' lang='lat' dir='ltr'>ob</span> 
     </span>
     <span class='ocr_line' id='line_1_30' title="bbox 371 2023 1926 2089; baseline 0 -13"><span class='ocrx_word' id='word_1_246' title='bbox 371 2030 581 2076; x_wconf 85' lang='lat' dir='ltr'>eximiam</span> <span class='ocrx_word' id='word_1_247' title='bbox 619 2030 664 2074; x_wconf 89' lang='lat' dir='ltr'>in</span> <span class='ocrx_word' id='word_1_248' title='bbox 692 2025 774 2074; x_wconf 89' lang='lat' dir='ltr'>hac</span> <span class='ocrx_word' id='word_1_249' title='bbox 802 2029 909 2075; x_wconf 86' lang='lat' dir='ltr'>inter</span> <span class='ocrx_word' id='word_1_250' title='bbox 938 2023 1042 2073; x_wconf 82' lang='lat' dir='ltr'>alias</span> <span class='ocrx_word' id='word_1_251' title='bbox 1075 2024 1249 2089; x_wconf 80' lang='lat' dir='ltr'>linguas</span> <span class='ocrx_word' id='word_1_252' title='bbox 1285 2025 1589 2074; x_wconf 84' lang='lat' dir='ltr'>Eruditionem</span> <span class='ocrx_word' id='word_1_253' title='bbox 1609 2064 1622 2084; x_wconf 90' lang='lat'><strong>‚</strong></span> <span class='ocrx_word' id='word_1_254' title='bbox 1697 2027 1926 2077; x_wconf 80' lang='lat' dir='ltr'>Nobilissi-</span> 
     </span>
     <span class='ocr_line' id='line_1_31' title="bbox 372 2093 1926 2165; baseline 0.001 -20"><span class='ocrx_word' id='word_1_255' title='bbox 372 2100 434 2145; x_wconf 89' lang='lat' dir='ltr'>mi</span> <span class='ocrx_word' id='word_1_256' title='bbox 453 2098 622 2165; x_wconf 86' lang='lat' dir='ltr'>Equitis</span> <span class='ocrx_word' id='word_1_257' title='bbox 653 2094 844 2155; x_wconf 56' lang='lat' dir='ltr'>delectu,</span> <span class='ocrx_word' id='word_1_258' title='bbox 886 2093 931 2141; x_wconf 91' lang='lat' dir='ltr'>id</span> <span class='ocrx_word' id='word_1_259' title='bbox 951 2096 1145 2142; x_wconf 87' lang='lat' dir='ltr'>muneris</span> <span class='ocrx_word' id='word_1_260' title='bbox 1175 2095 1342 2158; x_wconf 89' lang='lat' dir='ltr'>primus</span> <span class='ocrx_word' id='word_1_261' title='bbox 1364 2093 1551 2156; x_wconf 85' lang='lat' dir='ltr'>adeptus</span> <span class='ocrx_word' id='word_1_262' title='bbox 1585 2093 1662 2157; x_wconf 85' lang='lat' dir='ltr'>est,</span> <span class='ocrx_word' id='word_1_263' title='bbox 1693 2097 1815 2164; x_wconf 91' lang='lat' dir='ltr'>quod</span> <span class='ocrx_word' id='word_1_264' title='bbox 1832 2113 1926 2146; x_wconf 80' lang='lat' dir='ltr'>tan=</span> 
     </span>
     <span class='ocr_line' id='line_1_32' title="bbox 373 2161 1923 2230; baseline 0.001 -17"><span class='ocrx_word' id='word_1_265' title='bbox 373 2181 416 2213; x_wconf 86' lang='lat' dir='ltr'>ta</span> <span class='ocrx_word' id='word_1_266' title='bbox 444 2184 548 2213; x_wconf 91' lang='lat' dir='ltr'>cum</span> <span class='ocrx_word' id='word_1_267' title='bbox 577 2163 651 2213; x_wconf 86' lang='lat' dir='ltr'>sua</span> <span class='ocrx_word' id='word_1_268' title='bbox 686 2170 735 2213; x_wconf 87' lang='lat'>&amp;</span> <span class='ocrx_word' id='word_1_269' title='bbox 775 2164 953 2213; x_wconf 87' lang='lat' dir='ltr'>Patroni</span> <span class='ocrx_word' id='word_1_270' title='bbox 991 2161 1138 2222; x_wconf 88' lang='lat' dir='ltr'>laude,</span> <span class='ocrx_word' id='word_1_271' title='bbox 1199 2178 1413 2230; x_wconf 87' lang='lat' dir='ltr'>tantoque</span> <span class='ocrx_word' id='word_1_272' title='bbox 1451 2164 1725 2226; x_wconf 79' lang='lat' dir='ltr'>Reipublicae</span> <span class='ocrx_word' id='word_1_273' title='bbox 1757 2168 1923 2215; x_wconf 67' lang='lat' dir='ltr'>Litera⁶</span> 
     </span>
     <span class='ocr_line' id='line_1_33' title="bbox 374 2229 1926 2301; baseline 0 -18"><span class='ocrx_word' id='word_1_274' title='bbox 374 2237 445 2283; x_wconf 82' lang='lat' dir='ltr'>riae</span> <span class='ocrx_word' id='word_1_275' title='bbox 466 2233 612 2282; x_wconf 88' lang='lat' dir='ltr'>obivit</span> <span class='ocrx_word' id='word_1_276' title='bbox 644 2232 784 2292; x_wconf 90' lang='lat' dir='ltr'>bono,</span> <span class='ocrx_word' id='word_1_277' title='bbox 825 2247 873 2282; x_wconf 87' lang='lat' dir='ltr'>ut</span> <span class='ocrx_word' id='word_1_278' title='bbox 908 2229 1070 2278; x_wconf 90' lang='lat' dir='ltr'>eodem</span> <span class='ocrx_word' id='word_1_279' title='bbox 1102 2231 1319 2297; x_wconf 88' lang='lat' dir='ltr'>stipendio</span> <span class='ocrx_word' id='word_1_280' title='bbox 1351 2229 1407 2278; x_wconf 90' lang='lat' dir='ltr'>ad</span> <span class='ocrx_word' id='word_1_281' title='bbox 1438 2248 1634 2280; x_wconf 84' lang='lat' dir='ltr'>mortem</span> <span class='ocrx_word' id='word_1_282' title='bbox 1683 2233 1819 2301; x_wconf 86' lang='lat' dir='ltr'>usque</span> <span class='ocrx_word' id='word_1_283' title='bbox 1852 2253 1926 2283; x_wconf 59' lang='lat' dir='ltr'>co²2</span> 
     </span>
     <span class='ocr_line' id='line_1_34' title="bbox 375 2297 1924 2368; baseline 0 -17"><span class='ocrx_word' id='word_1_284' title='bbox 375 2302 623 2351; x_wconf 81' lang='lat' dir='ltr'>honestatus</span> <span class='ocrx_word' id='word_1_285' title='bbox 654 2299 796 2349; x_wconf 87' lang='lat' dir='ltr'>fuerit.</span> <span class='ocrx_word' id='word_1_286' title='bbox 867 2298 1242 2364; x_wconf 87' lang='lat' dir='ltr'>Qamplurimos</span> <span class='ocrx_word' id='word_1_287' title='bbox 1276 2301 1410 2349; x_wconf 87' lang='lat' dir='ltr'>etiam</span> <span class='ocrx_word' id='word_1_288' title='bbox 1447 2297 1581 2349; x_wconf 84' lang='lat' dir='ltr'>libros</span> <span class='ocrx_word' id='word_1_289' title='bbox 1616 2305 1662 2348; x_wconf 91' lang='lat' dir='ltr'>in</span> <span class='ocrx_word' id='word_1_290' title='bbox 1701 2320 1924 2368; x_wconf 86' lang='lat' dir='ltr'>magnum</span> 
     </span>
     <span class='ocr_line' id='line_1_35' title="bbox 377 2367 1925 2435; baseline 0 -16"><span class='ocrx_word' id='word_1_291' title='bbox 377 2367 677 2419; x_wconf 87' lang='lat' dir='ltr'>Studiosorum</span> <span class='ocrx_word' id='word_1_292' title='bbox 709 2369 1004 2417; x_wconf 88' lang='lat' dir='ltr'>commodum</span> <span class='ocrx_word' id='word_1_293' title='bbox 1041 2368 1175 2418; x_wconf 88' lang='lat' dir='ltr'>latine</span> <span class='ocrx_word' id='word_1_294' title='bbox 1211 2375 1257 2418; x_wconf 90' lang='lat'>&amp;</span> <span class='ocrx_word' id='word_1_295' title='bbox 1288 2368 1501 2417; x_wconf 83' lang='lat' dir='ltr'>Saxonice</span> <span class='ocrx_word' id='word_1_296' title='bbox 1532 2386 1731 2418; x_wconf 84' lang='lat' dir='ltr'>exaratos</span> <span class='ocrx_word' id='word_1_297' title='bbox 1756 2370 1925 2435; x_wconf 87' lang='lat' dir='ltr'>post-se-</span> 
     </span>
     <span class='ocr_line' id='line_1_36' title="bbox 379 2436 1924 2507; baseline 0 -19"><span class='ocrx_word' id='word_1_298' title='bbox 379 2439 552 2507; x_wconf 88' lang='lat' dir='ltr'>reliquit</span> <span class='ocrx_word' id='word_1_299' title='bbox 589 2438 796 2487; x_wconf 89' lang='lat' dir='ltr'>edendos.</span> <span class='ocrx_word' id='word_1_300' title='bbox 869 2436 949 2486; x_wconf 91' lang='lat' dir='ltr'>Sed</span> <span class='ocrx_word' id='word_1_301' title='bbox 981 2437 1198 2488; x_wconf 84' lang='lat' dir='ltr'>Calamus</span> <span class='ocrx_word' id='word_1_302' title='bbox 1226 2457 1351 2488; x_wconf 88' lang='lat' dir='ltr'>meus</span> <span class='ocrx_word' id='word_1_303' title='bbox 1384 2455 1536 2485; x_wconf 87' lang='lat' dir='ltr'>amore</span> <span class='ocrx_word' id='word_1_304' title='bbox 1564 2444 1611 2486; x_wconf 72' lang='grc' dir='ltr'>ἃ,</span> <span class='ocrx_word' id='word_1_305' title='bbox 1646 2437 1924 2497; x_wconf 87' lang='lat' dir='ltr'>observantia</span> 
     </span>
     <span class='ocr_line' id='line_1_37' title="bbox 384 2504 1930 2574; baseline 0 -19"><span class='ocrx_word' id='word_1_306' title='bbox 384 2506 568 2566; x_wconf 88' lang='lat' dir='ltr'>fervens,</span> <span class='ocrx_word' id='word_1_307' title='bbox 604 2505 768 2555; x_wconf 88' lang='lat' dir='ltr'>viribus</span> <span class='ocrx_word' id='word_1_308' title='bbox 786 2508 935 2555; x_wconf 84' lang='lat' dir='ltr'>tamen</span> <span class='ocrx_word' id='word_1_309' title='bbox 948 2523 1074 2555; x_wconf 87' lang='lat' dir='ltr'>tanto</span> <span class='ocrx_word' id='word_1_310' title='bbox 1109 2524 1372 2574; x_wconf 83' lang='lat' dir='ltr'>argumento</span> <span class='ocrx_word' id='word_1_311' title='bbox 1408 2509 1552 2568; x_wconf 83' lang='lat' dir='ltr'>impar</span> <span class='ocrx_word' id='word_1_312' title='bbox 1571 2504 1930 2556; x_wconf 83' lang='lat' dir='ltr'>sufflaminandus</span> 
     </span>
     <span class='ocr_line' id='line_1_38' title="bbox 381 2573 1926 2643; baseline 0 -19"><span class='ocrx_word' id='word_1_313' title='bbox 381 2575 442 2624; x_wconf 87' lang='lat' dir='ltr'>est</span> <span class='ocrx_word' id='word_1_314' title='bbox 460 2595 470 2623; x_wconf 91' lang='lat'>:</span> <span class='ocrx_word' id='word_1_315' title='bbox 509 2578 735 2625; x_wconf 62' lang='lat' dir='ltr'>Doctrinae</span> <span class='ocrx_word' id='word_1_316' title='bbox 752 2578 872 2624; x_wconf 89' lang='lat' dir='ltr'>enim</span> <span class='ocrx_word' id='word_1_317' title='bbox 893 2581 940 2624; x_wconf 89' lang='lat'>&amp;</span> <span class='ocrx_word' id='word_1_318' title='bbox 963 2576 1233 2626; x_wconf 78' lang='lat' dir='ltr'>Eriiditionis</span> <span class='ocrx_word' id='word_1_319' title='bbox 1252 2581 1346 2643; x_wconf 86' lang='lat' dir='ltr'>ejus</span> <span class='ocrx_word' id='word_1_320' title='bbox 1363 2573 1585 2635; x_wconf 85' lang='lat' dir='ltr'>laudibus,</span> <span class='ocrx_word' id='word_1_321' title='bbox 1611 2591 1786 2624; x_wconf 85' lang='lat' dir='ltr'>tantum</span> <span class='ocrx_word' id='word_1_322' title='bbox 1803 2575 1926 2625; x_wconf 87' lang='lat' dir='ltr'>abest</span> 
     </span>
     <span class='ocr_line' id='line_1_39' title="bbox 380 2639 1927 2712; baseline 0.001 -20"><span class='ocrx_word' id='word_1_323' title='bbox 380 2660 429 2692; x_wconf 92' lang='lat' dir='ltr'>ut</span> <span class='ocrx_word' id='word_1_324' title='bbox 447 2648 687 2712; x_wconf 84' lang='lat' dir='ltr'>quicquam</span> <span class='ocrx_word' id='word_1_325' title='bbox 706 2639 925 2692; x_wconf 82' lang='lat' dir='ltr'>adstruere</span> <span class='ocrx_word' id='word_1_326' title='bbox 960 2645 1136 2710; x_wconf 82' lang='lat' dir='ltr'>poffim,</span> <span class='ocrx_word' id='word_1_327' title='bbox 1173 2661 1223 2693; x_wconf 90' lang='lat' dir='ltr'>ut</span> <span class='ocrx_word' id='word_1_328' title='bbox 1251 2649 1397 2709; x_wconf 84' lang='lat' dir='ltr'>potius</span> <span class='ocrx_word' id='word_1_329' title='bbox 1433 2642 1632 2703; x_wconf 84' lang='lat' dir='ltr'>multum</span> <span class='ocrx_word' id='word_1_330' title='bbox 1670 2645 1725 2694; x_wconf 88' lang='lat' dir='ltr'>de</span> <span class='ocrx_word' id='word_1_331' title='bbox 1743 2645 1927 2693; x_wconf 87' lang='lat' dir='ltr'>cumulo</span> 
     </span>
     <span class='ocr_line' id='line_1_40' title="bbox 382 2710 1928 2778; baseline -0.001 -17"><span class='ocrx_word' id='word_1_332' title='bbox 382 2714 641 2777; x_wconf 86' lang='lat' dir='ltr'>dempturus</span> <span class='ocrx_word' id='word_1_333' title='bbox 657 2711 753 2776; x_wconf 82' lang='lat' dir='ltr'>fim,</span> <span class='ocrx_word' id='word_1_334' title='bbox 787 2712 818 2762; x_wconf 91' lang='lat' dir='ltr'>s1</span> <span class='ocrx_word' id='word_1_335' title='bbox 835 2731 904 2761; x_wconf 89' lang='lat' dir='ltr'>eas</span> <span class='ocrx_word' id='word_1_336' title='bbox 921 2730 1062 2778; x_wconf 88' lang='lat' dir='ltr'>partes</span> <span class='ocrx_word' id='word_1_337' title='bbox 1075 2730 1362 2763; x_wconf 81' lang='lat' dir='ltr'>attentavem.</span> <span class='ocrx_word' id='word_1_338' title='bbox 1417 2713 1497 2761; x_wconf 83' lang='lat' dir='ltr'>Vir</span> <span class='ocrx_word' id='word_1_339' title='bbox 1516 2710 1597 2759; x_wconf 87' lang='lat' dir='ltr'>fuit</span> <span class='ocrx_word' id='word_1_340' title='bbox 1616 2716 1777 2763; x_wconf 83' lang='lat' dir='ltr'>eximia</span> <span class='ocrx_word' id='word_1_341' title='bbox 1794 2718 1928 2777; x_wconf 84' lang='lat' dir='ltr'>pieta-</span> 
     </span>
     <span class='ocr_line' id='line_1_41' title="bbox 380 2780 1928 2849; baseline 0.001 -21"><span class='ocrx_word' id='word_1_342' title='bbox 380 2797 425 2829; x_wconf 89' lang='lat' dir='ltr'>te</span> <span class='ocrx_word' id='word_1_343' title='bbox 438 2799 516 2830; x_wconf 86' lang='lat' dir='ltr'>nec</span> <span class='ocrx_word' id='word_1_344' title='bbox 535 2784 708 2831; x_wconf 89' lang='lat' dir='ltr'>minore</span> <span class='ocrx_word' id='word_1_345' title='bbox 729 2781 948 2848; x_wconf 85' lang='lat' dir='ltr'>probitate</span> <span class='ocrx_word' id='word_1_346' title='bbox 968 2782 1183 2847; x_wconf 85' lang='lat' dir='ltr'>praeditus:</span> <span class='ocrx_word' id='word_1_347' title='bbox 1193 2783 1483 2849; x_wconf 83' lang='lat' dir='ltr'>Religionem</span> <span class='ocrx_word' id='word_1_348' title='bbox 1497 2780 1699 2829; x_wconf 79' lang='lat' dir='ltr'>Ecclefiae</span> <span class='ocrx_word' id='word_1_349' title='bbox 1718 2781 1928 2846; x_wconf 56' lang='lat' dir='ltr'>Anglicae</span> 
     </span>
     <span class='ocr_line' id='line_1_42' title="bbox 381 2848 1927 2919; baseline 0.003 -23"><span class='ocrx_word' id='word_1_350' title='bbox 381 2867 448 2897; x_wconf 80' lang='lat' dir='ltr'>nae</span> <span class='ocrx_word' id='word_1_351' title='bbox 468 2869 558 2899; x_wconf 87' lang='lat' dir='ltr'>non</span> <span class='ocrx_word' id='word_1_352' title='bbox 575 2849 684 2900; x_wconf 88' lang='lat' dir='ltr'>sorte</span> <span class='ocrx_word' id='word_1_353' title='bbox 713 2852 784 2900; x_wconf 87' lang='lat' dir='ltr'>sed</span> <span class='ocrx_word' id='word_1_354' title='bbox 804 2851 948 2899; x_wconf 66' lang='lat' dir='ltr'>electu</span> <span class='ocrx_word' id='word_1_355' title='bbox 964 2851 1198 2918; x_wconf 81' lang='lat' dir='ltr'>amplexus</span> <span class='ocrx_word' id='word_1_356' title='bbox 1211 2851 1290 2913; x_wconf 88' lang='lat' dir='ltr'>est,</span> <span class='ocrx_word' id='word_1_357' title='bbox 1312 2855 1433 2919; x_wconf 84' lang='lat' dir='ltr'>cujus</span> <span class='ocrx_word' id='word_1_358' title='bbox 1451 2848 1757 2897; x_wconf 83' lang='lat' dir='ltr'>excellentiam</span> <span class='ocrx_word' id='word_1_359' title='bbox 1775 2856 1823 2898; x_wconf 88' lang='lat'>&amp;</span> <span class='ocrx_word' id='word_1_360' title='bbox 1843 2867 1927 2912; x_wconf 80' lang='lat' dir='ltr'>pu-</span> 
     </span>
     <span class='ocr_line' id='line_1_43' title="bbox 385 2915 1928 2986; baseline 0.006 -24"><span class='ocrx_word' id='word_1_361' title='bbox 385 2921 575 2978; x_wconf 86' lang='lat' dir='ltr'>ritatem,</span> <span class='ocrx_word' id='word_1_362' title='bbox 610 2919 804 2986; x_wconf 84' lang='lat' dir='ltr'>ejusdem</span> <span class='ocrx_word' id='word_1_363' title='bbox 823 2922 1048 2968; x_wconf 68' lang='lat' dir='ltr'>Doctrinae</span> <span class='ocrx_word' id='word_1_364' title='bbox 1076 2919 1360 2980; x_wconf 86' lang='lat' dir='ltr'>Adversariis‚</span> <span class='ocrx_word' id='word_1_365' title='bbox 1396 2935 1489 2966; x_wconf 89' lang='lat' dir='ltr'>non</span> <span class='ocrx_word' id='word_1_366' title='bbox 1507 2915 1700 2971; x_wconf 70' lang='lat' dir='ltr'>animose</span> <span class='ocrx_word' id='word_1_367' title='bbox 1713 2916 1928 2964; x_wconf 73' lang='lat' dir='ltr'>altercan-</span> 
     </span>
     <span class='ocr_line' id='line_1_44' title="bbox 385 2982 1929 3051; baseline 0.001 -21"><span class='ocrx_word' id='word_1_368' title='bbox 385 2983 446 3031; x_wconf 92' lang='lat' dir='ltr'>do</span> <span class='ocrx_word' id='word_1_369' title='bbox 466 2982 537 3031; x_wconf 89' lang='lat' dir='ltr'>sed</span> <span class='ocrx_word' id='word_1_370' title='bbox 553 2989 624 3045; x_wconf 88' lang='lat' dir='ltr'>pie</span> <span class='ocrx_word' id='word_1_371' title='bbox 644 2988 841 3037; x_wconf 90' lang='lat' dir='ltr'>vivendo</span> <span class='ocrx_word' id='word_1_372' title='bbox 874 2989 1126 3051; x_wconf 83' lang='lat' dir='ltr'>praedicavit</span> <span class='ocrx_word' id='word_1_373' title='bbox 1148 3009 1158 3038; x_wconf 92' lang='lat'>:</span> <span class='ocrx_word' id='word_1_374' title='bbox 1196 2993 1323 3036; x_wconf 86' lang='lat' dir='ltr'>Cane</span> <span class='ocrx_word' id='word_1_375' title='bbox 1342 2989 1465 3051; x_wconf 88' lang='lat' dir='ltr'>pejus</span> <span class='ocrx_word' id='word_1_376' title='bbox 1482 2990 1530 3031; x_wconf 86' lang='lat'>&amp;</span> <span class='ocrx_word' id='word_1_377' title='bbox 1547 2988 1705 3047; x_wconf 83' lang='lat' dir='ltr'>Angue</span> <span class='ocrx_word' id='word_1_378' title='bbox 1719 3002 1794 3032; x_wconf 90' lang='lat' dir='ltr'>eos</span> <span class='ocrx_word' id='word_1_379' title='bbox 1826 2986 1929 3033; x_wconf 81' lang='lat' dir='ltr'>ode-</span> 
     </span>
     <span class='ocr_line' id='line_1_45' title="bbox 388 3047 1927 3122; baseline 0.001 -23"><span class='ocrx_word' id='word_1_380' title='bbox 388 3067 469 3111; x_wconf 85' lang='lat' dir='ltr'>rat,</span> <span class='ocrx_word' id='word_1_381' title='bbox 505 3052 582 3118; x_wconf 92' lang='lat' dir='ltr'>qui</span> <span class='ocrx_word' id='word_1_382' title='bbox 599 3050 675 3108; x_wconf 85' lang='lat' dir='ltr'>sibi</span> <span class='ocrx_word' id='word_1_383' title='bbox 692 3055 887 3103; x_wconf 86' lang='lat' dir='ltr'>solebant</span> <span class='ocrx_word' id='word_1_384' title='bbox 907 3056 1134 3118; x_wconf 85' lang='lat' dir='ltr'>plaudere,</span> <span class='ocrx_word' id='word_1_385' title='bbox 1166 3071 1383 3122; x_wconf 88' lang='lat' dir='ltr'>tanquam</span> <span class='ocrx_word' id='word_1_386' title='bbox 1402 3055 1478 3116; x_wconf 91' lang='lat' dir='ltr'>qui</span> <span class='ocrx_word' id='word_1_387' title='bbox 1516 3047 1594 3096; x_wconf 80' lang='lat' dir='ltr'>soli</span> <span class='ocrx_word' id='word_1_388' title='bbox 1612 3050 1744 3099; x_wconf 82' lang='lat' dir='ltr'>cffent</span> <span class='ocrx_word' id='word_1_389' title='bbox 1763 3057 1927 3112; x_wconf 59' lang='lat' dir='ltr'>Sancti,</span> 
     </span>
     <span class='ocr_line' id='line_1_46' title="bbox 386 3122 1928 3188; baseline 0 -20"><span class='ocrx_word' id='word_1_390' title='bbox 386 3126 432 3168; x_wconf 71' lang='grc' dir='ltr'>δι</span> <span class='ocrx_word' id='word_1_391' title='bbox 451 3136 558 3183; x_wconf 90' lang='lat' dir='ltr'>pure</span> <span class='ocrx_word' id='word_1_392' title='bbox 579 3136 784 3188; x_wconf 88' lang='lat' dir='ltr'>vereque,</span> <span class='ocrx_word' id='word_1_393' title='bbox 818 3136 866 3166; x_wconf 92' lang='lat' dir='ltr'>ut</span> <span class='ocrx_word' id='word_1_394' title='bbox 881 3136 1059 3182; x_wconf 91' lang='lat' dir='ltr'>vocant,</span> <span class='ocrx_word' id='word_1_395' title='bbox 1095 3123 1396 3169; x_wconf 84' lang='lat' dir='ltr'>Protestantes.</span> <span class='ocrx_word' id='word_1_396' title='bbox 1433 3122 1556 3167; x_wconf 91' lang='lat' dir='ltr'>Deus</span> <span class='ocrx_word' id='word_1_397' title='bbox 1575 3122 1729 3167; x_wconf 86' lang='lat' dir='ltr'>Bone!</span> <span class='ocrx_word' id='word_1_398' title='bbox 1768 3125 1928 3184; x_wconf 77' lang='lat' dir='ltr'>Qan—</span> 
     </span>
     <span class='ocr_line' id='line_1_47' title="bbox 389 3185 1929 3256; baseline 0.003 -22"><span class='ocrx_word' id='word_1_399' title='bbox 389 3203 437 3234; x_wconf 90' lang='lat' dir='ltr'>to</span> <span class='ocrx_word' id='word_1_400' title='bbox 455 3185 688 3250; x_wconf 81' lang='lat' dir='ltr'>impensius</span> <span class='ocrx_word' id='word_1_401' title='bbox 720 3187 870 3236; x_wconf 77' lang='lat' dir='ltr'>odiffet</span> <span class='ocrx_word' id='word_1_402' title='bbox 890 3225 903 3247; x_wconf 95' lang='lat'>,</span> <span class='ocrx_word' id='word_1_403' title='bbox 939 3186 969 3235; x_wconf 83' lang='lat' dir='ltr'>fi</span> <span class='ocrx_word' id='word_1_404' title='bbox 986 3206 1061 3236; x_wconf 85' lang='lat' dir='ltr'>eos</span> <span class='ocrx_word' id='word_1_405' title='bbox 1071 3188 1224 3236; x_wconf 69' lang='lat' dir='ltr'>strietis</span> <span class='ocrx_word' id='word_1_406' title='bbox 1240 3187 1396 3256; x_wconf 84' lang='lat' dir='ltr'>gladiis</span> <span class='ocrx_word' id='word_1_407' title='bbox 1417 3193 1464 3236; x_wconf 91' lang='lat'>&amp;</span> <span class='ocrx_word' id='word_1_408' title='bbox 1484 3190 1688 3235; x_wconf 81' lang='lat' dir='ltr'>Fanatico</span> <span class='ocrx_word' id='word_1_409' title='bbox 1703 3188 1826 3238; x_wconf 87' lang='lat' dir='ltr'>Zelo</span> <span class='ocrx_word' id='word_1_410' title='bbox 1841 3195 1929 3238; x_wconf 66' lang='lat' dir='ltr'>Re»</span> 
     </span>
     <span class='ocr_line' id='line_1_48' title="bbox 394 3254 1930 3323; baseline 0.001 -21"><span class='ocrx_word' id='word_1_411' title='bbox 394 3271 506 3320; x_wconf 84' lang='lat' dir='ltr'>gum</span> <span class='ocrx_word' id='word_1_412' title='bbox 521 3258 797 3318; x_wconf 86' lang='lat' dir='ltr'>optimorum</span> <span class='ocrx_word' id='word_1_413' title='bbox 820 3256 972 3322; x_wconf 86' lang='lat' dir='ltr'>jugula</span> <span class='ocrx_word' id='word_1_414' title='bbox 992 3272 1187 3319; x_wconf 86' lang='lat' dir='ltr'>petentes</span> <span class='ocrx_word' id='word_1_415' title='bbox 1208 3254 1491 3319; x_wconf 75' lang='lat' dir='ltr'>conspexisset</span> <span class='ocrx_word' id='word_1_416' title='bbox 1510 3257 1521 3305; x_wconf 75' lang='lat' dir='ltr'>l</span> <span class='ocrx_word' id='word_1_417' title='bbox 1570 3257 1769 3306; x_wconf 82' lang='lat' dir='ltr'>Nullum</span> <span class='ocrx_word' id='word_1_418' title='bbox 1789 3276 1930 3323; x_wconf 87' lang='lat' dir='ltr'>genus</span> 
     </span>
     <span class='ocr_line' id='line_1_49' title="bbox 395 3323 1926 3391; baseline 0.002 -20"><span class='ocrx_word' id='word_1_419' title='bbox 395 3324 632 3372; x_wconf 87' lang='lat' dir='ltr'>hominum</span> <span class='ocrx_word' id='word_1_420' title='bbox 666 3323 722 3388; x_wconf 84' lang='lat' dir='ltr'>(fi</span> <span class='ocrx_word' id='word_1_421' title='bbox 751 3324 952 3373; x_wconf 88' lang='lat' dir='ltr'>homines</span> <span class='ocrx_word' id='word_1_422' title='bbox 979 3325 1152 3373; x_wconf 88' lang='lat' dir='ltr'>dicendi</span> <span class='ocrx_word' id='word_1_423' title='bbox 1167 3324 1278 3381; x_wconf 87' lang='lat' dir='ltr'>sunt,</span> <span class='ocrx_word' id='word_1_424' title='bbox 1319 3331 1367 3374; x_wconf 90' lang='lat'>&amp;</span> <span class='ocrx_word' id='word_1_425' title='bbox 1387 3342 1476 3374; x_wconf 90' lang='lat' dir='ltr'>non</span> <span class='ocrx_word' id='word_1_426' title='bbox 1492 3330 1645 3391; x_wconf 88' lang='lat' dir='ltr'>potius</span> <span class='ocrx_word' id='word_1_427' title='bbox 1663 3329 1926 3374; x_wconf 87' lang='lat' dir='ltr'>Animantes</span> 
     </span>
     <span class='ocr_line' id='line_1_50' title="bbox 394 3392 1927 3508; baseline 0 -67"><span class='ocrx_word' id='word_1_428' title='bbox 394 3395 579 3458; x_wconf 82' lang='lat' dir='ltr'>Brutae)</span> <span class='ocrx_word' id='word_1_429' title='bbox 614 3409 705 3444; x_wconf 84' lang='lat' dir='ltr'>tam</span> <span class='ocrx_word' id='word_1_430' title='bbox 730 3392 982 3460; x_wconf 84' lang='lat' dir='ltr'>inexpiabili</span> <span class='ocrx_word' id='word_1_431' title='bbox 1001 3394 1107 3443; x_wconf 87' lang='lat' dir='ltr'>odio</span> <span class='ocrx_word' id='word_1_432' title='bbox 1133 3393 1423 3456; x_wconf 82' lang='lat' dir='ltr'>aversabatur,</span> <span class='ocrx_word' id='word_1_433' title='bbox 1458 3415 1597 3464; x_wconf 84' lang='lat' dir='ltr'>quam</span> <span class='ocrx_word' id='word_1_434' title='bbox 1619 3395 1824 3508; x_wconf 84' lang='lat' dir='ltr'>Atheos3f</span> <span class='ocrx_word' id='word_1_435' title='bbox 1846 3413 1927 3442; x_wconf 90' lang='lat' dir='ltr'>nec</span> 
     </span>
     <span class='ocr_line' id='line_1_51' title="bbox 792 3461 1928 3512; baseline 0.003 -3"><span class='ocrx_word' id='word_1_436' title='bbox 792 3466 794 3469; x_wconf 79' lang='grc'><strong>’</strong></span> <span class='ocrx_word' id='word_1_437' title='bbox 1113 3461 1143 3509; x_wconf 92' lang='lat' dir='ltr'>b</span> <span class='ocrx_word' id='word_1_438' title='bbox 1822 3462 1928 3512; x_wconf 85' lang='lat' dir='ltr'>acile</span> 
     </span>
    </p>
   </div>
  </div>
 </body>
</html>
