<?xml version="1.0" encoding="UTF-8"?>
<!DOCTYPE html PUBLIC "-//W3C//DTD XHTML 1.0 Transitional//EN"
    "http://www.w3.org/TR/xhtml1/DTD/xhtml1-transitional.dtd">
<html xmlns="http://www.w3.org/1999/xhtml" xml:lang="en" lang="en">
 <head>
  <title>
</title>
<meta http-equiv="Content-Type" content="text/html;charset=utf-8" />
  <meta name='ocr-system' content='tesseract 3.04.00' />
  <meta name='ocr-capabilities' content='ocr_page ocr_carea ocr_par ocr_line ocrx_word'/>
</head>
<body>
  <div class='ocr_page' id='page_1' title='image "./glossariumarchia00spel_0202.png"; bbox 0 0 2305 3809; ppageno 0'>
   <div class='ocr_carea' id='block_1_1' title="bbox 153 165 2134 209">
    <p class='ocr_par' dir='ltr' id='par_1_1' title="bbox 153 165 2134 209">
     <span class='ocr_line' id='line_1_1' title="bbox 153 165 2134 209; baseline 0 0"><span class='ocrx_word' id='word_1_1' title='bbox 153 165 920 209; x_wconf 95' lang='lat' dir='ltr'> </span> <span class='ocrx_word' id='word_1_2' title='bbox 1447 165 2134 209; x_wconf 95' lang='lat' dir='ltr'> </span> 
     </span>
    </p>
   </div>
   <div class='ocr_carea' id='block_1_2' title="bbox 256 225 373 295">
    <p class='ocr_par' dir='ltr' id='par_1_2' title="bbox 256 225 373 295">
     <span class='ocr_line' id='line_1_2' title="bbox 256 225 373 295; baseline 0.009 -19"><span class='ocrx_word' id='word_1_3' title='bbox 256 225 373 295; x_wconf 81' lang='lat'>176</span> 
     </span>
    </p>
   </div>
   <div class='ocr_carea' id='block_1_3' title="bbox 390 329 1129 433">
    <p class='ocr_par' dir='ltr' id='par_1_3' title="bbox 390 329 1129 433">
     <span class='ocr_line' id='line_1_3' title="bbox 390 329 1129 379; baseline -0.022 -5"><span class='ocrx_word' id='word_1_4' title='bbox 390 340 457 373; x_wconf 87' lang='lat' dir='ltr'>Lib.</span> <span class='ocrx_word' id='word_1_5' title='bbox 471 340 594 372; x_wconf 78' lang='lat' dir='ltr'>Prior-at.</span> <span class='ocrx_word' id='word_1_6' title='bbox 610 333 765 379; x_wconf 79' lang='lat' dir='ltr'>Dunstapl.</span> <span class='ocrx_word' id='word_1_7' title='bbox 788 344 830 364; x_wconf 89' lang='lat' dir='ltr'>ca.</span> <span class='ocrx_word' id='word_1_8' title='bbox 848 342 876 374; x_wconf 77' lang='grc' dir='ltr'>ς.</span> <span class='ocrx_word' id='word_1_9' title='bbox 897 335 927 360; x_wconf 82' lang='lat' dir='ltr'>In</span> <span class='ocrx_word' id='word_1_10' title='bbox 944 332 969 361; x_wconf 85' lang='lat' dir='ltr'>le</span> <span class='ocrx_word' id='word_1_11' title='bbox 982 329 1129 361; x_wconf 75' lang='lat' dir='ltr'>Suthmade</span> 
     </span>
     <span class='ocr_line' id='line_1_4' title="bbox 391 378 1128 433; baseline -0.022 -11"><span class='ocrx_word' id='word_1_12' title='bbox 391 388 422 431; x_wconf 81' lang='lat' dir='ltr'>(i.</span> <span class='ocrx_word' id='word_1_13' title='bbox 441 397 525 433; x_wconf 84' lang='lat' dir='ltr'>prato</span> <span class='ocrx_word' id='word_1_14' title='bbox 543 382 675 425; x_wconf 83' lang='lat' dir='ltr'>australi)</span> <span class='ocrx_word' id='word_1_15' title='bbox 699 382 777 414; x_wconf 65' lang='lat' dir='ltr'>ludet</span> <span class='ocrx_word' id='word_1_16' title='bbox 793 385 869 411; x_wconf 76' lang='lat' dir='ltr'>Prior</span> <span class='ocrx_word' id='word_1_17' title='bbox 882 378 1035 422; x_wconf 78' lang='lat' dir='ltr'>perfhrtem</span> <span class='ocrx_word' id='word_1_18' title='bbox 1053 378 1128 408; x_wconf 82' lang='lat' dir='ltr'>illam</span> 
     </span>
    </p>
   </div>
   <div class='ocr_carea' id='block_1_4' title="bbox 920 193 1447 286">
    <p class='ocr_par' dir='ltr' id='par_1_4' title="bbox 920 193 1447 286">
     <span class='ocr_line' id='line_1_5' title="bbox 920 193 1447 286; baseline -0.009 -19"><span class='ocrx_word' id='word_1_19' title='bbox 920 193 1128 267; x_wconf 78' lang='lat' dir='ltr'>Henrici</span> <span class='ocrx_word' id='word_1_20' title='bbox 1170 202 1447 286; x_wconf 73' lang='lat' dir='ltr'>spelmanni</span> 
     </span>
    </p>
   </div>
   <div class='ocr_carea' id='block_1_5' title="bbox 1179 322 1918 418">
    <p class='ocr_par' dir='ltr' id='par_1_5' title="bbox 1179 322 1918 418">
     <span class='ocr_line' id='line_1_6' title="bbox 1179 322 1918 370; baseline 0.004 -13"><span class='ocrx_word' id='word_1_21' title='bbox 1179 336 1260 357; x_wconf 88' lang='lat' dir='ltr'>anno</span> <span class='ocrx_word' id='word_1_22' title='bbox 1273 322 1403 369; x_wconf 84' lang='lat' dir='ltr'>ejusdem</span> <span class='ocrx_word' id='word_1_23' title='bbox 1422 323 1515 370; x_wconf 87' lang='lat' dir='ltr'>Regis</span> <span class='ocrx_word' id='word_1_24' title='bbox 1540 334 1594 369; x_wconf 83' lang='lat'>14.</span> <span class='ocrx_word' id='word_1_25' title='bbox 1618 324 1732 360; x_wconf 74' lang='lat' dir='ltr'>finitam</span> <span class='ocrx_word' id='word_1_26' title='bbox 1760 327 1834 360; x_wconf 79' lang='lat' dir='ltr'>vero</span> <span class='ocrx_word' id='word_1_27' title='bbox 1851 330 1872 369; x_wconf 86' lang='lat'>.(</span> <span class='ocrx_word' id='word_1_28' title='bbox 1884 327 1918 360; x_wconf 87' lang='lat' dir='ltr'>ut</span> 
     </span>
     <span class='ocr_line' id='line_1_7' title="bbox 1182 371 1917 418; baseline 0.003 -12"><span class='ocrx_word' id='word_1_29' title='bbox 1182 372 1242 418; x_wconf 85' lang='lat' dir='ltr'>ipse</span> <span class='ocrx_word' id='word_1_30' title='bbox 1257 371 1330 406; x_wconf 90' lang='lat' dir='ltr'>liber</span> <span class='ocrx_word' id='word_1_31' title='bbox 1345 372 1469 407; x_wconf 87' lang='lat' dir='ltr'>testatur</span> <span class='ocrx_word' id='word_1_32' title='bbox 1481 374 1493 411; x_wconf 89' lang='lat'><em>)</em></span> <span class='ocrx_word' id='word_1_33' title='bbox 1517 385 1597 406; x_wconf 87' lang='lat' dir='ltr'>anno</span> <span class='ocrx_word' id='word_1_34' title='bbox 1610 372 1662 406; x_wconf 79' lang='lat' dir='ltr'>suo</span> <span class='ocrx_word' id='word_1_35' title='bbox 1678 385 1734 406; x_wconf 82' lang='lat'>20.</span> <span class='ocrx_word' id='word_1_36' title='bbox 1746 374 1805 407; x_wconf 90' lang='lat' dir='ltr'>hoc</span> <span class='ocrx_word' id='word_1_37' title='bbox 1819 374 1860 408; x_wconf 80' lang='lat' dir='ltr'>est</span> <span class='ocrx_word' id='word_1_38' title='bbox 1873 372 1917 408; x_wconf 83' lang='lat' dir='ltr'>ul-</span> 
     </span>
    </p>
   </div>
   <div class='ocr_carea' id='block_1_6' title="bbox 163 419 1918 481">
    <p class='ocr_par' dir='ltr' id='par_1_6' title="bbox 163 419 1918 481">
     <span class='ocr_line' id='line_1_8' title="bbox 163 419 1918 481; baseline -0.002 -22"><span class='ocrx_word' id='word_1_39' title='bbox 163 428 356 468; x_wconf 68' lang='lat' dir='ltr'>Crumddpreflg</span> <span class='ocrx_word' id='word_1_40' title='bbox 392 450 448 481; x_wconf 50' lang='lat' dir='ltr'>qm.</span> <span class='ocrx_word' id='word_1_41' title='bbox 472 446 579 466; x_wconf 64' lang='lat' dir='ltr'>vocatur</span> <span class='ocrx_word' id='word_1_42' title='bbox 610 431 809 473; x_wconf 64' lang='lat' dir='ltr'>Cmmzddpr‘st,</span> <span class='ocrx_word' id='word_1_43' title='bbox 830 438 885 458; x_wconf 74' lang='lat' dir='ltr'>tres</span> <span class='ocrx_word' id='word_1_44' title='bbox 900 426 981 464; x_wconf 66' lang='lat' dir='ltr'><em>clo-&#39;⁶152</em></span> <span class='ocrx_word' id='word_1_45' title='bbox 997 424 1129 463; x_wconf 73' lang='lat' dir='ltr'>ficutsm</span> <span class='ocrx_word' id='word_1_46' title='bbox 1183 421 1259 453; x_wconf 80' lang='lat' dir='ltr'>timo</span> <span class='ocrx_word' id='word_1_47' title='bbox 1275 434 1285 463; x_wconf 80' lang='lat'>3</span> <span class='ocrx_word' id='word_1_48' title='bbox 1303 424 1335 454; x_wconf 86' lang='lat'>&amp;</span> <span class='ocrx_word' id='word_1_49' title='bbox 1354 421 1480 456; x_wconf 83' lang='lat' dir='ltr'>Domini</span> <span class='ocrx_word' id='word_1_50' title='bbox 1494 419 1585 454; x_wconf 87' lang='lat' dir='ltr'>nostri</span> <span class='ocrx_word' id='word_1_51' title='bbox 1613 420 1719 465; x_wconf 82' lang='lat'><em>1087.</em></span> <span class='ocrx_word' id='word_1_52' title='bbox 1743 420 1823 455; x_wconf 65' lang='lat' dir='ltr'>Alias</span> <span class='ocrx_word' id='word_1_53' title='bbox 1836 424 1918 456; x_wconf 79' lang='lat' dir='ltr'>Liber</span> 
     </span>
    </p>
   </div>
   <div class='ocr_carea' id='block_1_7' title="bbox 162 469 376 578">
    <p class='ocr_par' dir='ltr' id='par_1_7' title="bbox 162 469 376 578">
     <span class='ocr_line' id='line_1_9' title="bbox 162 469 376 499; baseline -0.009 -1"><span class='ocrx_word' id='word_1_54' title='bbox 162 472 197 499; x_wconf 83' lang='lat' dir='ltr'>ln</span> <span class='ocrx_word' id='word_1_55' title='bbox 212 470 273 498; x_wconf 72' lang='lat' dir='ltr'>MS.</span> <span class='ocrx_word' id='word_1_56' title='bbox 286 471 321 497; x_wconf 77' lang='lat' dir='ltr'>dc</span> <span class='ocrx_word' id='word_1_57' title='bbox 346 469 376 497; x_wconf 86' lang='lat' dir='ltr'>li-</span> 
     </span>
     <span class='ocr_line' id='line_1_10' title="bbox 162 509 355 543; baseline -0.016 -5"><span class='ocrx_word' id='word_1_58' title='bbox 162 511 231 540; x_wconf 76' lang='lat' dir='ltr'>teris</span> <span class='ocrx_word' id='word_1_59' title='bbox 241 509 280 543; x_wconf 72' lang='lat' dir='ltr'>dd,</span> <span class='ocrx_word' id='word_1_60' title='bbox 300 516 355 536; x_wconf 88' lang='lat' dir='ltr'>non</span> 
     </span>
     <span class='ocr_line' id='line_1_11' title="bbox 162 544 344 578; baseline -0.016 -1"><span class='ocrx_word' id='word_1_61' title='bbox 162 544 344 578; x_wconf 65' lang='lat' dir='ltr'>ratisconstat.</span> 
     </span>
    </p>
   </div>
   <div class='ocr_carea' id='block_1_8' title="bbox 165 820 273 851">
    <p class='ocr_par' dir='ltr' id='par_1_8' title="bbox 165 820 273 851">
     <span class='ocr_line' id='line_1_12' title="bbox 165 820 273 851; baseline -0.028 0"><span class='ocrx_word' id='word_1_62' title='bbox 165 820 273 851; x_wconf 71' lang='lat' dir='ltr'>Andem-</span> 
     </span>
    </p>
   </div>
   <div class='ocr_carea' id='block_1_9' title="bbox 174 2014 335 2046">
    <p class='ocr_par' dir='ltr' id='par_1_9' title="bbox 174 2014 335 2046">
     <span class='ocr_line' id='line_1_13' title="bbox 174 2014 335 2046; baseline 0 0"><span class='ocrx_word' id='word_1_63' title='bbox 174 2014 335 2046; x_wconf 63' lang='lat' dir='ltr'>Dcmaeniurm</span> 
     </span>
    </p>
   </div>
   <div class='ocr_carea' id='block_1_10' title="bbox 384 472 1159 2837">
    <p class='ocr_par' dir='ltr' id='par_1_10' title="bbox 384 472 1137 1001">
     <span class='ocr_line' id='line_1_14' title="bbox 391 472 1132 522; baseline -0.022 -5"><span class='ocrx_word' id='word_1_64' title='bbox 391 488 436 517; x_wconf 62' lang='lat' dir='ltr'>alla</span> <span class='ocrx_word' id='word_1_65' title='bbox 454 485 533 516; x_wconf 60' lang='lat' dir='ltr'>cadit.</span> <span class='ocrx_word' id='word_1_66' title='bbox 583 485 620 512; x_wconf 82' lang='lat' dir='ltr'>Et</span> <span class='ocrx_word' id='word_1_67' title='bbox 633 484 661 511; x_wconf 84' lang='lat' dir='ltr'>in</span> <span class='ocrx_word' id='word_1_68' title='bbox 686 477 802 522; x_wconf 71' lang='lat' dir='ltr'>qualibet</span> <span class='ocrx_word' id='word_1_69' title='bbox 828 476 898 513; x_wconf 81' lang='lat' dir='ltr'>dola,</span> <span class='ocrx_word' id='word_1_70' title='bbox 913 472 993 522; x_wconf 57' lang='lat' dir='ltr'>(jabet</span> <span class='ocrx_word' id='word_1_71' title='bbox 1011 481 1037 516; x_wconf 86' lang='lat'>4</span> <span class='ocrx_word' id='word_1_72' title='bbox 1050 474 1132 516; x_wconf 74' lang='lat' dir='ltr'>polas,</span> 
     </span>
     <span class='ocr_line' id='line_1_15' title="bbox 384 519 1131 574; baseline -0.013 -10"><span class='ocrx_word' id='word_1_73' title='bbox 384 536 442 574; x_wconf 69' lang='lat' dir='ltr'>fite</span> <span class='ocrx_word' id='word_1_74' title='bbox 459 536 511 563; x_wconf 58' lang='lat' dir='ltr'>offo</span> <span class='ocrx_word' id='word_1_75' title='bbox 525 530 640 560; x_wconf 52' lang='lat' dir='ltr'>andensis</span> <span class='ocrx_word' id='word_1_76' title='bbox 650 531 767 568; x_wconf 73' lang='lat' dir='ltr'>jacentes</span> <span class='ocrx_word' id='word_1_77' title='bbox 773 525 857 563; x_wconf 82' lang='lat' dir='ltr'>simul</span> <span class='ocrx_word' id='word_1_78' title='bbox 869 537 876 552; x_wconf 87' lang='grc'>.·</span> <span class='ocrx_word' id='word_1_79' title='bbox 892 519 926 554; x_wconf 63' lang='lat'>&amp;²</span> <span class='ocrx_word' id='word_1_80' title='bbox 930 523 971 560; x_wconf 85' lang='lat' dir='ltr'>fic</span> <span class='ocrx_word' id='word_1_81' title='bbox 983 520 1131 562; x_wconf 67' lang='lat' dir='ltr'>cstfitmma</span> 
     </span>
     <span class='ocr_line' id='line_1_16' title="bbox 392 566 1132 620; baseline -0.018 -8"><span class='ocrx_word' id='word_1_82' title='bbox 392 584 459 613; x_wconf 69' lang='lat' dir='ltr'>ilsms</span> <span class='ocrx_word' id='word_1_83' title='bbox 470 579 547 618; x_wconf 73' lang='lat' dir='ltr'>ffirtis</span> <span class='ocrx_word' id='word_1_84' title='bbox 561 587 608 620; x_wconf 85' lang='lat' dir='ltr'>per</span> <span class='ocrx_word' id='word_1_85' title='bbox 626 585 708 606; x_wconf 81' lang='lat' dir='ltr'>totum</span> <span class='ocrx_word' id='word_1_86' title='bbox 725 581 774 614; x_wconf 80' lang='lat'>24</span> <span class='ocrx_word' id='word_1_87' title='bbox 791 572 902 603; x_wconf 67' lang='lat' dir='ltr'>andans.</span> <span class='ocrx_word' id='word_1_88' title='bbox 943 566 1057 614; x_wconf 67' lang='lat' dir='ltr'>Saepius</span> <span class='ocrx_word' id='word_1_89' title='bbox 1076 566 1132 600; x_wconf 82' lang='lat' dir='ltr'>ibi-</span> 
     </span>
     <span class='ocr_line' id='line_1_17' title="bbox 391 615 1132 661; baseline -0.018 0"><span class='ocrx_word' id='word_1_90' title='bbox 391 627 471 660; x_wconf 89' lang='lat' dir='ltr'>dem.</span> <span class='ocrx_word' id='word_1_91' title='bbox 521 623 573 656; x_wconf 84' lang='lat' dir='ltr'>Est</span> <span class='ocrx_word' id='word_1_92' title='bbox 589 631 690 655; x_wconf 77' lang='lat' dir='ltr'>autem</span> <span class='ocrx_word' id='word_1_93' title='bbox 721 621 825 651; x_wconf 77' lang='lat' dir='ltr'>andena</span> <span class='ocrx_word' id='word_1_94' title='bbox 843 617 915 651; x_wconf 86' lang='lat' dir='ltr'>illud</span> <span class='ocrx_word' id='word_1_95' title='bbox 934 626 1022 650; x_wconf 82' lang='lat' dir='ltr'>terrae</span> <span class='ocrx_word' id='word_1_96' title='bbox 1041 615 1132 661; x_wconf 80' lang='lat' dir='ltr'>spaci-</span> 
     </span>
     <span class='ocr_line' id='line_1_18' title="bbox 393 662 1133 717; baseline -0.014 -10"><span class='ocrx_word' id='word_1_97' title='bbox 393 687 445 707; x_wconf 87' lang='lat' dir='ltr'>um</span> <span class='ocrx_word' id='word_1_98' title='bbox 475 670 554 717; x_wconf 81' lang='lat' dir='ltr'>quod</span> <span class='ocrx_word' id='word_1_99' title='bbox 566 681 632 702; x_wconf 91' lang='lat' dir='ltr'>uno</span> <span class='ocrx_word' id='word_1_100' title='bbox 656 665 738 700; x_wconf 83' lang='lat' dir='ltr'>falcis</span> <span class='ocrx_word' id='word_1_101' title='bbox 749 666 813 700; x_wconf 61' lang='lat' dir='ltr'>iCt‘u</span> <span class='ocrx_word' id='word_1_102' title='bbox 823 664 932 700; x_wconf 83' lang='lat' dir='ltr'>meffor</span> <span class='ocrx_word' id='word_1_103' title='bbox 944 663 1032 699; x_wconf 89' lang='lat' dir='ltr'>radit.</span> <span class='ocrx_word' id='word_1_104' title='bbox 1043 662 1133 708; x_wconf 82' lang='lat' dir='ltr'>Angl.</span> 
     </span>
     <span class='ocr_line' id='line_1_19' title="bbox 395 711 1135 759; baseline -0.011 -6"><span class='ocrx_word' id='word_1_105' title='bbox 395 718 507 757; x_wconf 60' lang='lat' dir='ltr'>(math,</span> <span class='ocrx_word' id='word_1_106' title='bbox 520 718 559 751; x_wconf 87' lang='lat' dir='ltr'>ab</span> <span class='ocrx_word' id='word_1_107' title='bbox 567 719 668 749; x_wconf 72' lang='lat' dir='ltr'>andam·</span> <span class='ocrx_word' id='word_1_108' title='bbox 685 714 765 748; x_wconf 88' lang='lat' dir='ltr'>Gall.</span> <span class='ocrx_word' id='word_1_109' title='bbox 778 715 836 748; x_wconf 88' lang='lat' dir='ltr'>hoc</span> <span class='ocrx_word' id='word_1_110' title='bbox 853 714 896 748; x_wconf 88' lang='lat' dir='ltr'>est</span> <span class='ocrx_word' id='word_1_111' title='bbox 919 723 1037 748; x_wconf 87' lang='lat' dir='ltr'>tantum</span> <span class='ocrx_word' id='word_1_112' title='bbox 1047 711 1135 759; x_wconf 85' lang='lat' dir='ltr'>spacii</span> 
     </span>
     <span class='ocr_line' id='line_1_20' title="bbox 394 761 1137 812; baseline -0.004 -16"><span class='ocrx_word' id='word_1_113' title='bbox 394 772 544 809; x_wconf 86' lang='lat' dir='ltr'>quantum</span> <span class='ocrx_word' id='word_1_114' title='bbox 561 764 705 812; x_wconf 84' lang='lat' dir='ltr'>quispiam</span> <span class='ocrx_word' id='word_1_115' title='bbox 725 763 894 797; x_wconf 80' lang='lat' dir='ltr'>divaricatis</span> <span class='ocrx_word' id='word_1_116' title='bbox 921 761 1057 796; x_wconf 84' lang='lat' dir='ltr'>cruribus</span> <span class='ocrx_word' id='word_1_117' title='bbox 1071 773 1137 794; x_wconf 89' lang='lat' dir='ltr'>me-</span> 
     </span>
     <span class='ocr_line' id='line_1_21' title="bbox 398 808 1135 860; baseline -0.007 -14"><span class='ocrx_word' id='word_1_118' title='bbox 398 812 497 846; x_wconf 75' lang='lat' dir='ltr'>riatur,</span> <span class='ocrx_word' id='word_1_119' title='bbox 509 814 618 860; x_wconf 83' lang='lat' dir='ltr'>Ingens</span> <span class='ocrx_word' id='word_1_120' title='bbox 635 812 709 845; x_wconf 78' lang='lat' dir='ltr'>vero</span> <span class='ocrx_word' id='word_1_121' title='bbox 727 811 777 845; x_wconf 89' lang='lat' dir='ltr'>illa</span> <span class='ocrx_word' id='word_1_122' title='bbox 800 811 988 852; x_wconf 82' lang='lat' dir='ltr'>divaricatio,</span> <span class='ocrx_word' id='word_1_123' title='bbox 1010 822 1077 857; x_wconf 86' lang='lat' dir='ltr'>quae</span> <span class='ocrx_word' id='word_1_124' title='bbox 1092 808 1135 842; x_wconf 93' lang='lat' dir='ltr'>di-</span> 
     </span>
     <span class='ocr_line' id='line_1_22' title="bbox 397 856 1135 907; baseline -0.003 -16"><span class='ocrx_word' id='word_1_125' title='bbox 397 858 522 895; x_wconf 88' lang='lat' dir='ltr'>midiam</span> <span class='ocrx_word' id='word_1_126' title='bbox 539 861 652 907; x_wconf 85' lang='lat' dir='ltr'>polam,</span> <span class='ocrx_word' id='word_1_127' title='bbox 666 860 695 893; x_wconf 82' lang='lat' dir='ltr'>id</span> <span class='ocrx_word' id='word_1_128' title='bbox 709 859 764 901; x_wconf 85' lang='lat' dir='ltr'>est,</span> <span class='ocrx_word' id='word_1_129' title='bbox 795 872 807 894; x_wconf 92' lang='lat'>1</span> <span class='ocrx_word' id='word_1_130' title='bbox 818 873 848 894; x_wconf 86' lang='lat'>0.</span> <span class='ocrx_word' id='word_1_131' title='bbox 865 859 966 906; x_wconf 81' lang='lat' dir='ltr'>pedes,</span> <span class='ocrx_word' id='word_1_132' title='bbox 979 862 1010 892; x_wconf 73' lang='grc' dir='ltr'>ὅ(</span> <span class='ocrx_word' id='word_1_133' title='bbox 1032 856 1135 891; x_wconf 86' lang='lat' dir='ltr'>dimid.</span> 
     </span>
     <span class='ocr_line' id='line_1_23' title="bbox 397 906 1136 955; baseline -0.005 -12"><span class='ocrx_word' id='word_1_134' title='bbox 397 907 448 940; x_wconf 67' lang='lat' dir='ltr'>vel</span> <span class='ocrx_word' id='word_1_135' title='bbox 478 909 517 943; x_wconf 90' lang='lat' dir='ltr'>ad</span> <span class='ocrx_word' id='word_1_136' title='bbox 535 911 641 950; x_wconf 65' lang='lat' dir='ltr'>minus,</span> <span class='ocrx_word' id='word_1_137' title='bbox 665 908 695 942; x_wconf 83' lang='grc'>8.</span> <span class='ocrx_word' id='word_1_138' title='bbox 726 911 758 942; x_wconf 83' lang='lat'>&amp;</span> <span class='ocrx_word' id='word_1_139' title='bbox 784 907 983 955; x_wconf 72' lang='lat' dir='ltr'>quadrantem</span> <span class='ocrx_word' id='word_1_140' title='bbox 996 906 1136 941; x_wconf 87' lang='lat' dir='ltr'>continet.</span> 
     </span>
     <span class='ocr_line' id='line_1_24' title="bbox 400 956 850 1001; baseline 0.004 -13"><span class='ocrx_word' id='word_1_141' title='bbox 400 956 486 991; x_wconf 89' lang='lat' dir='ltr'>Vide</span> <span class='ocrx_word' id='word_1_142' title='bbox 499 962 572 992; x_wconf 72' lang='lat' dir='ltr'>Pola.</span> <span class='ocrx_word' id='word_1_143' title='bbox 588 959 629 992; x_wconf 92' lang='lat' dir='ltr'>V.</span> <span class='ocrx_word' id='word_1_144' title='bbox 642 958 709 990; x_wconf 92' lang='lat' dir='ltr'>LL.</span> <span class='ocrx_word' id='word_1_145' title='bbox 721 958 850 1001; x_wconf 78' lang='lat' dir='ltr'>Inae.42.</span> 
     </span>
    </p>

    <p class='ocr_par' dir='ltr' id='par_1_11' title="bbox 399 1001 1139 1283">
     <span class='ocr_line' id='line_1_25' title="bbox 451 1001 1137 1051; baseline -0.012 -8"><span class='ocrx_word' id='word_1_146' title='bbox 451 1003 474 1050; x_wconf 59' lang='grc' dir='ltr'>Ἰ</span> <span class='ocrx_word' id='word_1_147' title='bbox 493 1005 584 1051; x_wconf 75' lang='lat' dir='ltr'>Dolg,</span> <span class='ocrx_word' id='word_1_148' title='bbox 603 1002 769 1050; x_wconf 73' lang='lat' dir='ltr'>Dolgbot]</span> <span class='ocrx_word' id='word_1_149' title='bbox 793 1007 859 1038; x_wconf 81' lang='lat' dir='ltr'>Sax.</span> <span class='ocrx_word' id='word_1_150' title='bbox 879 1003 953 1041; x_wconf 62' lang='lat' dir='ltr'>boll&gt;</span> <span class='ocrx_word' id='word_1_151' title='bbox 978 1007 1010 1038; x_wconf 83' lang='lat'>&amp;</span> <span class='ocrx_word' id='word_1_152' title='bbox 1034 1001 1112 1047; x_wconf 67' lang='lat'>00¹5</span> <span class='ocrx_word' id='word_1_153' title='bbox 1130 1014 1137 1034; x_wconf 90' lang='lat'>:</span> 
     </span>
     <span class='ocr_line' id='line_1_26' title="bbox 399 1051 1137 1101; baseline -0.003 -15"><span class='ocrx_word' id='word_1_154' title='bbox 399 1057 507 1097; x_wconf 60' lang='lat' dir='ltr'>vulnus,</span> <span class='ocrx_word' id='word_1_155' title='bbox 525 1059 618 1101; x_wconf 80' lang='lat' dir='ltr'><em>plaga,</em></span> <span class='ocrx_word' id='word_1_156' title='bbox 641 1057 751 1087; x_wconf 85' lang='lat' dir='ltr'>malum.</span> <span class='ocrx_word' id='word_1_157' title='bbox 788 1054 870 1086; x_wconf 89' lang='lat' dir='ltr'>Hinc</span> <span class='ocrx_word' id='word_1_158' title='bbox 895 1053 927 1085; x_wconf 89' lang='lat' dir='ltr'>in</span> <span class='ocrx_word' id='word_1_159' title='bbox 945 1051 1137 1093; x_wconf 68' lang='lat' dir='ltr'>LLFrifim.</span> 
     </span>
     <span class='ocr_line' id='line_1_27' title="bbox 402 1096 1138 1138; baseline -0.003 -3"><span class='ocrx_word' id='word_1_160' title='bbox 402 1101 530 1138; x_wconf 79' lang='lat' dir='ltr'>Titulus</span> <span class='ocrx_word' id='word_1_161' title='bbox 557 1117 616 1138; x_wconf 81' lang='lat'>22.</span> <span class='ocrx_word' id='word_1_162' title='bbox 635 1104 666 1136; x_wconf 96' lang='lat' dir='ltr'>D</span> <span class='ocrx_word' id='word_1_163' title='bbox 677 1103 704 1135; x_wconf 91' lang='lat' dir='ltr'>E</span> <span class='ocrx_word' id='word_1_164' title='bbox 722 1104 753 1136; x_wconf 95' lang='lat' dir='ltr'>D</span> <span class='ocrx_word' id='word_1_165' title='bbox 766 1103 798 1136; x_wconf 93' lang='lat' dir='ltr'>O</span> <span class='ocrx_word' id='word_1_166' title='bbox 809 1103 837 1135; x_wconf 97' lang='lat' dir='ltr'>L</span> <span class='ocrx_word' id='word_1_167' title='bbox 848 1102 881 1135; x_wconf 92' lang='lat' dir='ltr'>G</span> <span class='ocrx_word' id='word_1_168' title='bbox 895 1101 1072 1135; x_wconf 72' lang='lat' dir='ltr'>inscribitur.</span> <span class='ocrx_word' id='word_1_169' title='bbox 1093 1096 1138 1134; x_wconf 72' lang='lat' dir='ltr'>‚Et</span> 
     </span>
     <span class='ocr_line' id='line_1_28' title="bbox 400 1147 1139 1197; baseline 0 -14"><span class='ocrx_word' id='word_1_170' title='bbox 400 1150 431 1183; x_wconf 88' lang='lat' dir='ltr'>in</span> <span class='ocrx_word' id='word_1_171' title='bbox 443 1152 636 1186; x_wconf 73' lang='lat' dir='ltr'>LLAluredi</span> <span class='ocrx_word' id='word_1_172' title='bbox 650 1151 743 1196; x_wconf 81' lang='lat' dir='ltr'>Regis</span> <span class='ocrx_word' id='word_1_173' title='bbox 755 1150 1010 1197; x_wconf 81' lang='lat' dir='ltr'>Anglo-Sax.ca.2</span> <span class='ocrx_word' id='word_1_174' title='bbox 1018 1163 1033 1196; x_wconf 82' lang='lat'>3</span> <span class='ocrx_word' id='word_1_175' title='bbox 1041 1147 1139 1192; x_wconf 55' lang='lat' dir='ltr'>bolg-</span> 
     </span>
     <span class='ocr_line' id='line_1_29' title="bbox 402 1197 1139 1246; baseline 0 -15"><span class='ocrx_word' id='word_1_176' title='bbox 402 1197 466 1233; x_wconf 71' lang='lat' dir='ltr'>boe</span> <span class='ocrx_word' id='word_1_177' title='bbox 487 1200 606 1246; x_wconf 76' lang='lat' dir='ltr'>legitur,</span> <span class='ocrx_word' id='word_1_178' title='bbox 622 1212 678 1245; x_wconf 87' lang='lat' dir='ltr'>pro</span> <span class='ocrx_word' id='word_1_179' title='bbox 694 1198 825 1232; x_wconf 86' lang='lat' dir='ltr'>vulneris</span> <span class='ocrx_word' id='word_1_180' title='bbox 842 1200 890 1232; x_wconf 78' lang='lat' dir='ltr'>seu</span> <span class='ocrx_word' id='word_1_181' title='bbox 908 1198 979 1232; x_wconf 87' lang='lat' dir='ltr'>mali</span> <span class='ocrx_word' id='word_1_182' title='bbox 996 1209 1139 1243; x_wconf 85' lang='lat' dir='ltr'>compen-</span> 
     </span>
     <span class='ocr_line' id='line_1_30' title="bbox 401 1249 521 1283; baseline 0 0"><span class='ocrx_word' id='word_1_183' title='bbox 401 1249 521 1283; x_wconf 73' lang='lat' dir='ltr'>latione.</span> 
     </span>
    </p>

    <p class='ocr_par' dir='ltr' id='par_1_12' title="bbox 396 1294 1144 1625">
     <span class='ocr_line' id='line_1_31' title="bbox 454 1294 1140 1344; baseline -0.009 -10"><span class='ocrx_word' id='word_1_184' title='bbox 454 1294 477 1341; x_wconf 60' lang='lat' dir='ltr'><strong>ff</strong></span> <span class='ocrx_word' id='word_1_185' title='bbox 496 1294 672 1341; x_wconf 62' lang='lat' dir='ltr'>Damalis]</span> <span class='ocrx_word' id='word_1_186' title='bbox 697 1296 820 1330; x_wconf 70' lang='lat' dir='ltr'>Chanae</span> <span class='ocrx_word' id='word_1_187' title='bbox 837 1305 911 1329; x_wconf 81' lang='lat' dir='ltr'>vett.</span> <span class='ocrx_word' id='word_1_188' title='bbox 929 1294 1140 1344; x_wconf 71' lang='lat' dir='ltr'>Alamanpar.</span> 
     </span>
     <span class='ocr_line' id='line_1_32' title="bbox 410 1347 1141 1391; baseline -0.004 -12"><span class='ocrx_word' id='word_1_189' title='bbox 410 1358 423 1379; x_wconf 86' lang='lat'>-1</span> <span class='ocrx_word' id='word_1_190' title='bbox 433 1373 439 1378; x_wconf 93' lang='lat'><em>.</em></span> <span class='ocrx_word' id='word_1_191' title='bbox 449 1358 497 1378; x_wconf 85' lang='lat' dir='ltr'>nu.</span> <span class='ocrx_word' id='word_1_192' title='bbox 514 1358 525 1379; x_wconf 93' lang='lat'>1</span> <span class='ocrx_word' id='word_1_193' title='bbox 538 1357 566 1391; x_wconf 78' lang='grc' dir='ltr'>ς.</span> <span class='ocrx_word' id='word_1_194' title='bbox 584 1348 668 1378; x_wconf 69' lang='grc' dir='ltr'>Τγαώ</span> <span class='ocrx_word' id='word_1_195' title='bbox 685 1347 723 1377; x_wconf 85' lang='lat' dir='ltr'>ad</span> <span class='ocrx_word' id='word_1_196' title='bbox 745 1348 931 1387; x_wconf 72' lang='lat' dir='ltr'>monssterium</span> <span class='ocrx_word' id='word_1_197' title='bbox 949 1349 976 1377; x_wconf 81' lang='lat' dir='ltr'>S.</span> <span class='ocrx_word' id='word_1_198' title='bbox 987 1348 1058 1377; x_wconf 65' lang='lat' dir='ltr'>Galli</span> <span class='ocrx_word' id='word_1_199' title='bbox 1068 1349 1141 1388; x_wconf 80' lang='lat' dir='ltr'>quic-</span> 
     </span>
     <span class='ocr_line' id='line_1_33' title="bbox 402 1395 1142 1439; baseline -0.001 -13"><span class='ocrx_word' id='word_1_200' title='bbox 402 1397 469 1439; x_wconf 76' lang='lat' dir='ltr'>quid</span> <span class='ocrx_word' id='word_1_201' title='bbox 484 1400 514 1426; x_wconf 83' lang='lat' dir='ltr'>in</span> <span class='ocrx_word' id='word_1_202' title='bbox 530 1396 573 1426; x_wconf 79' lang='lat' dir='ltr'>die</span> <span class='ocrx_word' id='word_1_203' title='bbox 585 1404 673 1426; x_wconf 76' lang='lat' dir='ltr'>exttm</span> <span class='ocrx_word' id='word_1_204' title='bbox 693 1399 748 1425; x_wconf 81' lang='lat' dir='ltr'>mei</span> <span class='ocrx_word' id='word_1_205' title='bbox 769 1395 800 1426; x_wconf 83' lang='lat' dir='ltr'>de</span> <span class='ocrx_word' id='word_1_206' title='bbox 820 1396 868 1426; x_wconf 87' lang='lat' dir='ltr'>lmc</span> <span class='ocrx_word' id='word_1_207' title='bbox 881 1396 936 1425; x_wconf 85' lang='lat' dir='ltr'>luce</span> <span class='ocrx_word' id='word_1_208' title='bbox 957 1398 988 1425; x_wconf 87' lang='lat' dir='ltr'>in</span> <span class='ocrx_word' id='word_1_209' title='bbox 1005 1395 1142 1438; x_wconf 75' lang='lat' dir='ltr'>pecuniali</span> 
     </span>
     <span class='ocr_line' id='line_1_34' title="bbox 405 1440 1138 1486; baseline -0.001 -12"><span class='ocrx_word' id='word_1_210' title='bbox 405 1444 483 1481; x_wconf 60' lang='lat' dir='ltr'>calfit</span> <span class='ocrx_word' id='word_1_211' title='bbox 503 1456 553 1474; x_wconf 78' lang='lat' dir='ltr'>non</span> <span class='ocrx_word' id='word_1_212' title='bbox 571 1445 675 1483; x_wconf 81' lang='lat' dir='ltr'>datum,</span> <span class='ocrx_word' id='word_1_213' title='bbox 701 1440 735 1476; x_wconf 71' lang='lat'>&amp;⁷</span> <span class='ocrx_word' id='word_1_214' title='bbox 753 1455 803 1474; x_wconf 85' lang='lat' dir='ltr'>non</span> <span class='ocrx_word' id='word_1_215' title='bbox 821 1445 946 1483; x_wconf 77' lang='lat' dir='ltr'>usitatum</span> <span class='ocrx_word' id='word_1_216' title='bbox 965 1444 1138 1486; x_wconf 70' lang='lat' dir='ltr'>reliquerim:</span> 
     </span>
     <span class='ocr_line' id='line_1_35' title="bbox 404 1491 1143 1535; baseline 0 -13"><span class='ocrx_word' id='word_1_217' title='bbox 404 1493 437 1523; x_wconf 84' lang='lat' dir='ltr'>id</span> <span class='ocrx_word' id='word_1_218' title='bbox 455 1494 492 1532; x_wconf 83' lang='lat' dir='ltr'>est</span> <span class='ocrx_word' id='word_1_219' title='bbox 506 1516 516 1531; x_wconf 92' lang='lat'>‚</span> <span class='ocrx_word' id='word_1_220' title='bbox 539 1491 652 1523; x_wconf 80' lang='lat' dir='ltr'>caballis</span> <span class='ocrx_word' id='word_1_221' title='bbox 679 1491 823 1523; x_wconf 71' lang='lat' dir='ltr'>domahbus</span> <span class='ocrx_word' id='word_1_222' title='bbox 847 1504 908 1523; x_wconf 79' lang='lat' dir='ltr'>cnm</span> <span class='ocrx_word' id='word_1_223' title='bbox 925 1501 1016 1522; x_wconf 79' lang='lat' dir='ltr'>caetero</span> <span class='ocrx_word' id='word_1_224' title='bbox 1045 1501 1143 1535; x_wconf 78' lang='lat' dir='ltr'>troppo,</span> 
     </span>
     <span class='ocr_line' id='line_1_36' title="bbox 396 1538 1144 1583; baseline 0.001 -14"><span class='ocrx_word' id='word_1_225' title='bbox 396 1538 511 1570; x_wconf 64' lang='lat' dir='ltr'>nzballis</span> <span class='ocrx_word' id='word_1_226' title='bbox 528 1542 639 1578; x_wconf 70' lang='lat' dir='ltr'>cunHis,</span> <span class='ocrx_word' id='word_1_227' title='bbox 661 1551 724 1570; x_wconf 84' lang='lat' dir='ltr'>auro</span> <span class='ocrx_word' id='word_1_228' title='bbox 742 1549 899 1583; x_wconf 72' lang='lat' dir='ltr'><em>argentoque</em></span> <span class='ocrx_word' id='word_1_229' title='bbox 909 1540 990 1578; x_wconf 68' lang='lat' dir='ltr'>seura</span> <span class='ocrx_word' id='word_1_230' title='bbox 1007 1550 1067 1573; x_wconf 75' lang='lat' dir='ltr'>cum</span> <span class='ocrx_word' id='word_1_231' title='bbox 1086 1541 1144 1570; x_wconf 79' lang='lat' dir='ltr'>lan-</span> 
     </span>
     <span class='ocr_line' id='line_1_37' title="bbox 399 1586 532 1625; baseline 0 -6"><span class='ocrx_word' id='word_1_232' title='bbox 399 1592 463 1625; x_wconf 79' lang='lat' dir='ltr'>ceis,</span> <span class='ocrx_word' id='word_1_233' title='bbox 476 1586 532 1620; x_wconf 61' lang='lat' dir='ltr'>&amp;a</span> 
     </span>
    </p>

    <p class='ocr_par' dir='ltr' id='par_1_13' title="bbox 401 1630 1152 2247">
     <span class='ocr_line' id='line_1_38' title="bbox 452 1630 1141 1678; baseline -0.003 -8"><span class='ocrx_word' id='word_1_234' title='bbox 452 1631 475 1678; x_wconf 60' lang='lat' dir='ltr'>ff</span> <span class='ocrx_word' id='word_1_235' title='bbox 492 1630 690 1677; x_wconf 81' lang='lat' dir='ltr'>Domanium,</span> <span class='ocrx_word' id='word_1_236' title='bbox 701 1632 780 1667; x_wconf 77' lang='lat' dir='ltr'>Italis</span> <span class='ocrx_word' id='word_1_237' title='bbox 793 1630 989 1670; x_wconf 72' lang='lat' dir='ltr'>Demanium.</span> <span class='ocrx_word' id='word_1_238' title='bbox 1006 1632 1023 1678; x_wconf 97' lang='lat'>]</span> <span class='ocrx_word' id='word_1_239' title='bbox 1056 1631 1141 1668; x_wconf 87' lang='lat' dir='ltr'>Idem</span> 
     </span>
     <span class='ocr_line' id='line_1_39' title="bbox 403 1680 1145 1725; baseline 0.001 -11"><span class='ocrx_word' id='word_1_240' title='bbox 403 1682 487 1725; x_wconf 80' lang='lat' dir='ltr'>quod</span> <span class='ocrx_word' id='word_1_241' title='bbox 502 1683 727 1724; x_wconf 81' lang='lat' dir='ltr'>Dominicum3</span> <span class='ocrx_word' id='word_1_242' title='bbox 753 1680 770 1714; x_wconf 70' lang='grc' dir='ltr'>ὲ</span> <span class='ocrx_word' id='word_1_243' title='bbox 797 1682 878 1715; x_wconf 86' lang='lat' dir='ltr'>Gall.</span> <span class='ocrx_word' id='word_1_244' title='bbox 905 1687 1048 1722; x_wconf 78' lang='lat' dir='ltr'>Domaine,</span> <span class='ocrx_word' id='word_1_245' title='bbox 1074 1681 1145 1715; x_wconf 67' lang='lat' dir='ltr'>alias</span> 
     </span>
     <span class='ocr_line' id='line_1_40' title="bbox 406 1729 1146 1776; baseline 0.003 -15"><span class='ocrx_word' id='word_1_246' title='bbox 406 1733 538 1764; x_wconf 68' lang='lat' dir='ltr'>Ammine.</span> <span class='ocrx_word' id='word_1_247' title='bbox 562 1730 784 1764; x_wconf 77' lang='lat' dir='ltr'>Patrimonium</span> <span class='ocrx_word' id='word_1_248' title='bbox 797 1729 878 1775; x_wconf 83' lang='lat' dir='ltr'>quod</span> <span class='ocrx_word' id='word_1_249' title='bbox 888 1731 952 1774; x_wconf 82' lang='lat' dir='ltr'>quis</span> <span class='ocrx_word' id='word_1_250' title='bbox 960 1730 1082 1776; x_wconf 86' lang='lat' dir='ltr'>proprio</span> <span class='ocrx_word' id='word_1_251' title='bbox 1094 1730 1146 1763; x_wconf 76' lang='lat' dir='ltr'>fiio</span> 
     </span>
     <span class='ocr_line' id='line_1_41' title="bbox 401 1777 1146 1825; baseline 0.001 -15"><span class='ocrx_word' id='word_1_252' title='bbox 401 1777 471 1823; x_wconf 85' lang='lat' dir='ltr'>jure</span> <span class='ocrx_word' id='word_1_253' title='bbox 498 1778 631 1825; x_wconf 81' lang='lat' dir='ltr'>poffidet.</span> <span class='ocrx_word' id='word_1_254' title='bbox 663 1784 828 1811; x_wconf 78' lang='lat' dir='ltr'>Domanium</span> <span class='ocrx_word' id='word_1_255' title='bbox 848 1779 984 1812; x_wconf 79' lang='lat' dir='ltr'>Franciae</span> <span class='ocrx_word' id='word_1_256' title='bbox 1025 1778 1146 1825; x_wconf 85' lang='lat' dir='ltr'>(inquit</span> 
     </span>
     <span class='ocr_line' id='line_1_42' title="bbox 405 1825 1147 1873; baseline 0.001 -14"><span class='ocrx_word' id='word_1_257' title='bbox 405 1825 607 1873; x_wconf 87' lang='lat' dir='ltr'>Choppinus)</span> <span class='ocrx_word' id='word_1_258' title='bbox 642 1829 767 1866; x_wconf 79' lang='lat' dir='ltr'>definitur</span> <span class='ocrx_word' id='word_1_259' title='bbox 802 1829 871 1859; x_wconf 77' lang='lat' dir='ltr'>illud</span> <span class='ocrx_word' id='word_1_260' title='bbox 895 1830 964 1871; x_wconf 75' lang='lat' dir='ltr'>qnod</span> <span class='ocrx_word' id='word_1_261' title='bbox 984 1832 1147 1860; x_wconf 72' lang='lat' dir='ltr'>nominatim</span> 
     </span>
     <span class='ocr_line' id='line_1_43' title="bbox 406 1873 1145 1921; baseline 0.004 -15"><span class='ocrx_word' id='word_1_262' title='bbox 406 1877 581 1915; x_wconf 71' lang='lat' dir='ltr'>conficratum</span> <span class='ocrx_word' id='word_1_263' title='bbox 595 1878 642 1917; x_wconf 77' lang='lat' dir='ltr'>cst,</span> <span class='ocrx_word' id='word_1_264' title='bbox 665 1881 783 1916; x_wconf 78' lang='lat' dir='ltr'>unitum,</span> <span class='ocrx_word' id='word_1_265' title='bbox 807 1873 841 1909; x_wconf 62' lang='lat'>&amp;³</span> <span class='ocrx_word' id='word_1_266' title='bbox 855 1881 1049 1921; x_wconf 70' lang='lat' dir='ltr'>incorporatum</span> <span class='ocrx_word' id='word_1_267' title='bbox 1065 1881 1145 1921; x_wconf 78' lang='lat' dir='ltr'>regiae</span> 
     </span>
     <span class='ocr_line' id='line_1_44' title="bbox 406 1922 1149 1970; baseline 0.003 -14"><span class='ocrx_word' id='word_1_268' title='bbox 406 1936 509 1957; x_wconf 76' lang='lat' dir='ltr'>coronae.</span> <span class='ocrx_word' id='word_1_269' title='bbox 557 1922 662 1957; x_wconf 87' lang='lat' dir='ltr'>Const.</span> <span class='ocrx_word' id='word_1_270' title='bbox 685 1922 838 1969; x_wconf 87' lang='lat' dir='ltr'>Neapolit.</span> <span class='ocrx_word' id='word_1_271' title='bbox 865 1923 914 1957; x_wconf 89' lang='lat' dir='ltr'>lib.</span> <span class='ocrx_word' id='word_1_272' title='bbox 939 1937 965 1958; x_wconf 88' lang='lat'>1.</span> <span class='ocrx_word' id='word_1_273' title='bbox 992 1923 1059 1957; x_wconf 86' lang='lat' dir='ltr'>Tit.</span> <span class='ocrx_word' id='word_1_274' title='bbox 1091 1936 1149 1970; x_wconf 84' lang='lat'>59.</span> 
     </span>
     <span class='ocr_line' id='line_1_45' title="bbox 407 1973 1148 2014; baseline 0 -9"><span class='ocrx_word' id='word_1_275' title='bbox 407 1983 450 2005; x_wconf 80' lang='lat' dir='ltr'>ca.</span> <span class='ocrx_word' id='word_1_276' title='bbox 464 1985 495 2005; x_wconf 86' lang='lat'>2.</span> <span class='ocrx_word' id='word_1_277' title='bbox 519 1975 571 2005; x_wconf 78' lang='lat' dir='ltr'>Sed</span> <span class='ocrx_word' id='word_1_278' title='bbox 586 1973 760 2014; x_wconf 75' lang='lat' dir='ltr'>bajulationes</span> <span class='ocrx_word' id='word_1_279' title='bbox 771 1973 881 2014; x_wconf 77' lang='lat' dir='ltr'>ejnfiiem</span> <span class='ocrx_word' id='word_1_280' title='bbox 900 1977 1071 2005; x_wconf 80' lang='lat' dir='ltr'>committant</span> <span class='ocrx_word' id='word_1_281' title='bbox 1083 1975 1148 2005; x_wconf 58' lang='lat' dir='ltr'>virt}</span> 
     </span>
     <span class='ocr_line' id='line_1_46' title="bbox 402 2021 1150 2064; baseline 0 -12"><span class='ocrx_word' id='word_1_282' title='bbox 402 2021 528 2060; x_wconf 70' lang='lat' dir='ltr'>fidelibus</span> <span class='ocrx_word' id='word_1_283' title='bbox 687 2032 744 2064; x_wconf 68' lang='lat' dir='ltr'>qnae</span> <span class='ocrx_word' id='word_1_284' title='bbox 772 2022 838 2059; x_wconf 76' lang='lat' dir='ltr'>fitnt</span> <span class='ocrx_word' id='word_1_285' title='bbox 869 2022 900 2052; x_wconf 86' lang='lat' dir='ltr'>de</span> <span class='ocrx_word' id='word_1_286' title='bbox 924 2023 1045 2053; x_wconf 78' lang='lat' dir='ltr'>demanio</span> <span class='ocrx_word' id='word_1_287' title='bbox 1066 2023 1150 2062; x_wconf 54' lang='lat' dir='ltr'>nestro</span> 
     </span>
     <span class='ocr_line' id='line_1_47' title="bbox 408 2065 1148 2113; baseline -0.001 -12"><span class='ocrx_word' id='word_1_288' title='bbox 408 2080 527 2101; x_wconf 81' lang='lat' dir='ltr'>tantum.</span> <span class='ocrx_word' id='word_1_289' title='bbox 574 2065 626 2100; x_wconf 85' lang='lat' dir='ltr'>Est</span> <span class='ocrx_word' id='word_1_290' title='bbox 663 2068 753 2100; x_wconf 77' lang='lat' dir='ltr'>etiam</span> <span class='ocrx_word' id='word_1_291' title='bbox 775 2066 954 2100; x_wconf 86' lang='lat' dir='ltr'>domanium</span> <span class='ocrx_word' id='word_1_292' title='bbox 973 2068 1032 2113; x_wconf 71' lang='lat' dir='ltr'>ipsa</span> <span class='ocrx_word' id='word_1_293' title='bbox 1064 2065 1148 2101; x_wconf 90' lang='lat' dir='ltr'>fundi</span> 
     </span>
     <span class='ocr_line' id='line_1_48' title="bbox 407 2112 1152 2163; baseline -0.001 -13"><span class='ocrx_word' id='word_1_294' title='bbox 407 2117 583 2163; x_wconf 77' lang='lat' dir='ltr'>proprietas,</span> <span class='ocrx_word' id='word_1_295' title='bbox 605 2112 731 2148; x_wconf 83' lang='lat' dir='ltr'>feodum</span> <span class='ocrx_word' id='word_1_296' title='bbox 744 2115 885 2161; x_wconf 76' lang='lat' dir='ltr'>superius,</span> <span class='ocrx_word' id='word_1_297' title='bbox 908 2118 940 2149; x_wconf 69' lang='grc' dir='ltr'>ὃ(</span> <span class='ocrx_word' id='word_1_298' title='bbox 953 2116 1032 2149; x_wconf 83' lang='lat' dir='ltr'>sedes</span> <span class='ocrx_word' id='word_1_299' title='bbox 1044 2116 1152 2149; x_wconf 88' lang='lat' dir='ltr'>Domi—</span> 
     </span>
     <span class='ocr_line' id='line_1_49' title="bbox 409 2161 1152 2206; baseline -0.001 -8"><span class='ocrx_word' id='word_1_300' title='bbox 409 2165 441 2198; x_wconf 89' lang='lat' dir='ltr'>ni</span> <span class='ocrx_word' id='word_1_301' title='bbox 458 2163 589 2198; x_wconf 83' lang='lat' dir='ltr'>feodalis.</span> <span class='ocrx_word' id='word_1_302' title='bbox 614 2163 696 2196; x_wconf 86' lang='lat' dir='ltr'>Vide</span> <span class='ocrx_word' id='word_1_303' title='bbox 714 2169 900 2206; x_wconf 74' lang='lat' dir='ltr'>Dominiczmz,</span> <span class='ocrx_word' id='word_1_304' title='bbox 924 2175 1033 2197; x_wconf 87' lang='lat' dir='ltr'>vocem</span> <span class='ocrx_word' id='word_1_305' title='bbox 1052 2161 1152 2197; x_wconf 85' lang='lat' dir='ltr'>foren-</span> 
     </span>
     <span class='ocr_line' id='line_1_50' title="bbox 409 2213 478 2247; baseline -0.014 0"><span class='ocrx_word' id='word_1_306' title='bbox 409 2213 478 2247; x_wconf 67' lang='lat' dir='ltr'>sem.</span> 
     </span>
    </p>

    <p class='ocr_par' dir='ltr' id='par_1_14' title="bbox 406 2256 1159 2837">
     <span class='ocr_line' id='line_1_51' title="bbox 457 2256 1153 2306; baseline -0.003 -12"><span class='ocrx_word' id='word_1_307' title='bbox 457 2258 481 2306; x_wconf 59' lang='lat' dir='ltr'>ff</span> <span class='ocrx_word' id='word_1_308' title='bbox 500 2256 642 2296; x_wconf 58' lang='lat' dir='ltr'>Dombez:</span> <span class='ocrx_word' id='word_1_309' title='bbox 661 2258 678 2304; x_wconf 94' lang='lat'>]</span> <span class='ocrx_word' id='word_1_310' title='bbox 727 2258 819 2292; x_wconf 86' lang='lat' dir='ltr'>Liber</span> <span class='ocrx_word' id='word_1_311' title='bbox 853 2257 1000 2305; x_wconf 84' lang='lat' dir='ltr'>judicialis</span> <span class='ocrx_word' id='word_1_312' title='bbox 1038 2258 1153 2305; x_wconf 83' lang='lat' dir='ltr'>Anglo-</span> 
     </span>
     <span class='ocr_line' id='line_1_52' title="bbox 410 2307 1154 2353; baseline -0.004 -10"><span class='ocrx_word' id='word_1_313' title='bbox 410 2311 564 2343; x_wconf 75' lang='lat' dir='ltr'>Saxonum</span> <span class='ocrx_word' id='word_1_314' title='bbox 577 2334 588 2349; x_wconf 91' lang='lat'>,</span> <span class='ocrx_word' id='word_1_315' title='bbox 620 2319 753 2353; x_wconf 84' lang='lat' dir='ltr'>quorum</span> <span class='ocrx_word' id='word_1_316' title='bbox 772 2307 886 2353; x_wconf 75' lang='lat' dir='ltr'>lingua,</span> <span class='ocrx_word' id='word_1_317' title='bbox 913 2314 987 2340; x_wconf 72' lang='lat' dir='ltr'>bom</span> <span class='ocrx_word' id='word_1_318' title='bbox 1008 2310 1154 2350; x_wconf 81' lang='lat' dir='ltr'>judicium,</span> 
     </span>
     <span class='ocr_line' id='line_1_53' title="bbox 411 2355 1154 2402; baseline -0.004 -11"><span class='ocrx_word' id='word_1_319' title='bbox 411 2358 468 2391; x_wconf 85' lang='lat' dir='ltr'>bec</span> <span class='ocrx_word' id='word_1_320' title='bbox 493 2357 603 2391; x_wconf 88' lang='lat' dir='ltr'>librum</span> <span class='ocrx_word' id='word_1_321' title='bbox 618 2355 769 2402; x_wconf 76' lang='lat' dir='ltr'>significat.</span> <span class='ocrx_word' id='word_1_322' title='bbox 807 2355 907 2402; x_wconf 82' lang='lat' dir='ltr'>Hujus</span> <span class='ocrx_word' id='word_1_323' title='bbox 925 2356 1064 2389; x_wconf 79' lang='lat' dir='ltr'>meminit</span> <span class='ocrx_word' id='word_1_324' title='bbox 1083 2357 1154 2389; x_wconf 87' lang='lat' dir='ltr'>Rex</span> 
     </span>
     <span class='ocr_line' id='line_1_54' title="bbox 413 2404 1155 2450; baseline -0.003 -11"><span class='ocrx_word' id='word_1_325' title='bbox 413 2405 567 2439; x_wconf 83' lang='lat' dir='ltr'>Edoardus</span> <span class='ocrx_word' id='word_1_326' title='bbox 577 2405 671 2438; x_wconf 80' lang='lat' dir='ltr'>senior</span> <span class='ocrx_word' id='word_1_327' title='bbox 685 2405 751 2437; x_wconf 92' lang='lat' dir='ltr'>LL.</span> <span class='ocrx_word' id='word_1_328' title='bbox 770 2405 890 2438; x_wconf 71' lang='lat' dir='ltr'>{harum</span> <span class='ocrx_word' id='word_1_329' title='bbox 907 2417 972 2450; x_wconf 77' lang='lat' dir='ltr'>cap.</span> <span class='ocrx_word' id='word_1_330' title='bbox 997 2417 1024 2438; x_wconf 89' lang='lat'>1.</span> <span class='ocrx_word' id='word_1_331' title='bbox 1042 2404 1095 2437; x_wconf 87' lang='lat' dir='ltr'>ubi</span> <span class='ocrx_word' id='word_1_332' title='bbox 1103 2405 1155 2448; x_wconf 93' lang='lat' dir='ltr'>Ju-</span> 
     </span>
     <span class='ocr_line' id='line_1_55' title="bbox 419 2451 1155 2498; baseline -0.003 -11"><span class='ocrx_word' id='word_1_333' title='bbox 419 2454 535 2487; x_wconf 83' lang='lat' dir='ltr'>dicibus</span> <span class='ocrx_word' id='word_1_334' title='bbox 554 2454 681 2498; x_wconf 70' lang='lat' dir='ltr'>imperat</span> <span class='ocrx_word' id='word_1_335' title='bbox 698 2462 731 2485; x_wconf 90' lang='lat' dir='ltr'>ut</span> <span class='ocrx_word' id='word_1_336' title='bbox 744 2451 838 2498; x_wconf 86' lang='lat' dir='ltr'>justos</span> <span class='ocrx_word' id='word_1_337' title='bbox 850 2454 878 2486; x_wconf 87' lang='lat' dir='ltr'>se</span> <span class='ocrx_word' id='word_1_338' title='bbox 897 2452 1061 2498; x_wconf 81' lang='lat' dir='ltr'>praebeant,</span> <span class='ocrx_word' id='word_1_339' title='bbox 1073 2451 1155 2485; x_wconf 83' lang='lat' dir='ltr'>sicuti</span> 
     </span>
     <span class='ocr_line' id='line_1_56' title="bbox 418 2500 1157 2547; baseline -0.003 -12"><span class='ocrx_word' id='word_1_340' title='bbox 418 2514 459 2535; x_wconf 91' lang='lat' dir='ltr'>on</span> <span class='ocrx_word' id='word_1_341' title='bbox 479 2501 568 2547; x_wconf 58' lang='lat' dir='ltr'>{Saepe</span> <span class='ocrx_word' id='word_1_342' title='bbox 579 2501 653 2534; x_wconf 67' lang='lat' dir='ltr'>&lt;som</span> <span class='ocrx_word' id='word_1_343' title='bbox 667 2500 725 2534; x_wconf 84' lang='lat' dir='ltr'>bec</span> <span class='ocrx_word' id='word_1_344' title='bbox 739 2500 850 2546; x_wconf 63' lang='lat' dir='ltr'>stand,</span> <span class='ocrx_word' id='word_1_345' title='bbox 874 2501 904 2535; x_wconf 92' lang='lat' dir='ltr'>id</span> <span class='ocrx_word' id='word_1_346' title='bbox 918 2500 972 2542; x_wconf 89' lang='lat' dir='ltr'>est,</span> <span class='ocrx_word' id='word_1_347' title='bbox 982 2506 1012 2533; x_wconf 82' lang='lat' dir='ltr'>in</span> <span class='ocrx_word' id='word_1_348' title='bbox 1021 2515 1110 2535; x_wconf 86' lang='lat' dir='ltr'>eorum</span> <span class='ocrx_word' id='word_1_349' title='bbox 1123 2504 1157 2533; x_wconf 82' lang='lat' dir='ltr'>li-</span> 
     </span>
     <span class='ocr_line' id='line_1_57' title="bbox 415 2548 1158 2595; baseline 0 -12"><span class='ocrx_word' id='word_1_350' title='bbox 415 2552 459 2583; x_wconf 84' lang='lat' dir='ltr'>bro</span> <span class='ocrx_word' id='word_1_351' title='bbox 462 2553 590 2592; x_wconf 71' lang='lat' dir='ltr'>judiciali</span> <span class='ocrx_word' id='word_1_352' title='bbox 603 2555 759 2582; x_wconf 76' lang='lat' dir='ltr'>continetur.</span> <span class='ocrx_word' id='word_1_353' title='bbox 770 2549 868 2588; x_wconf 82' lang='lat' dir='ltr'>Quod</span> <span class='ocrx_word' id='word_1_354' title='bbox 885 2562 924 2583; x_wconf 88' lang='lat' dir='ltr'>an</span> <span class='ocrx_word' id='word_1_355' title='bbox 937 2549 975 2582; x_wconf 82' lang='lat' dir='ltr'>de</span> <span class='ocrx_word' id='word_1_356' title='bbox 988 2548 1158 2595; x_wconf 81' lang='lat' dir='ltr'>praeceden-</span> 
     </span>
     <span class='ocr_line' id='line_1_58' title="bbox 406 2596 1157 2643; baseline 0 -11"><span class='ocrx_word' id='word_1_357' title='bbox 406 2599 494 2642; x_wconf 39' lang='lat' dir='ltr'>„tium</span> <span class='ocrx_word' id='word_1_358' title='bbox 513 2599 636 2643; x_wconf 81' lang='lat' dir='ltr'>Regum</span> <span class='ocrx_word' id='word_1_359' title='bbox 654 2596 770 2642; x_wconf 81' lang='lat' dir='ltr'>legibus</span> <span class='ocrx_word' id='word_1_360' title='bbox 787 2609 855 2643; x_wconf 84' lang='lat' dir='ltr'>quae</span> <span class='ocrx_word' id='word_1_361' title='bbox 871 2597 960 2632; x_wconf 85' lang='lat' dir='ltr'>hodie</span> <span class='ocrx_word' id='word_1_362' title='bbox 981 2607 1095 2639; x_wconf 82' lang='lat' dir='ltr'>extant,</span> <span class='ocrx_word' id='word_1_363' title='bbox 1113 2597 1157 2632; x_wconf 86' lang='lat' dir='ltr'>in-</span> 
     </span>
     <span class='ocr_line' id='line_1_59' title="bbox 416 2643 1159 2691; baseline -0.001 -11"><span class='ocrx_word' id='word_1_364' title='bbox 416 2646 612 2691; x_wconf 85' lang='lat' dir='ltr'>telligendum</span> <span class='ocrx_word' id='word_1_365' title='bbox 636 2643 689 2677; x_wconf 82' lang='lat' dir='ltr'>lit:</span> <span class='ocrx_word' id='word_1_366' title='bbox 720 2658 758 2679; x_wconf 85' lang='lat' dir='ltr'>an</span> <span class='ocrx_word' id='word_1_367' title='bbox 776 2644 814 2678; x_wconf 92' lang='lat' dir='ltr'>de</span> <span class='ocrx_word' id='word_1_368' title='bbox 841 2646 899 2680; x_wconf 90' lang='lat' dir='ltr'>alio</span> <span class='ocrx_word' id='word_1_369' title='bbox 924 2646 1069 2691; x_wconf 88' lang='lat' dir='ltr'>quopiam</span> <span class='ocrx_word' id='word_1_370' title='bbox 1082 2645 1159 2679; x_wconf 91' lang='lat' dir='ltr'>libro</span> 
     </span>
     <span class='ocr_line' id='line_1_60' title="bbox 416 2693 1159 2738; baseline 0 -10"><span class='ocrx_word' id='word_1_371' title='bbox 416 2695 561 2728; x_wconf 49' lang='lat' dir='ltr'>hildierius</span> <span class='ocrx_word' id='word_1_372' title='bbox 569 2706 629 2727; x_wconf 91' lang='lat' dir='ltr'>non</span> <span class='ocrx_word' id='word_1_373' title='bbox 642 2693 818 2738; x_wconf 78' lang='lat' dir='ltr'>prodeunte,</span> <span class='ocrx_word' id='word_1_374' title='bbox 831 2695 977 2728; x_wconf 89' lang='lat' dir='ltr'>incertum</span> <span class='ocrx_word' id='word_1_375' title='bbox 986 2693 1035 2728; x_wconf 88' lang='lat' dir='ltr'>est.</span> <span class='ocrx_word' id='word_1_376' title='bbox 1082 2694 1159 2728; x_wconf 87' lang='lat' dir='ltr'>Non</span> 
     </span>
     <span class='ocr_line' id='line_1_61' title="bbox 418 2742 1159 2784; baseline -0.001 -7"><span class='ocrx_word' id='word_1_377' title='bbox 418 2754 521 2777; x_wconf 78' lang='lat' dir='ltr'>autem</span> <span class='ocrx_word' id='word_1_378' title='bbox 531 2742 648 2776; x_wconf 56' lang='lat' dir='ltr'>dfium</span> <span class='ocrx_word' id='word_1_379' title='bbox 661 2743 776 2776; x_wconf 83' lang='lat' dir='ltr'>censeas</span> <span class='ocrx_word' id='word_1_380' title='bbox 794 2742 832 2776; x_wconf 88' lang='lat' dir='ltr'>de</span> <span class='ocrx_word' id='word_1_381' title='bbox 851 2744 1000 2784; x_wconf 75' lang='lat' dir='ltr'>Domesdei,</span> <span class='ocrx_word' id='word_1_382' title='bbox 1025 2742 1093 2776; x_wconf 77' lang='lat' dir='ltr'>licet</span> <span class='ocrx_word' id='word_1_383' title='bbox 1110 2742 1159 2776; x_wconf 86' lang='lat' dir='ltr'>hic</span> 
     </span>
     <span class='ocr_line' id='line_1_62' title="bbox 421 2791 1159 2837; baseline 0.001 -13"><span class='ocrx_word' id='word_1_384' title='bbox 421 2793 503 2824; x_wconf 59' lang='lat' dir='ltr'>LJI’er</span> <span class='ocrx_word' id='word_1_385' title='bbox 528 2794 690 2835; x_wconf 63' lang='lat' dir='ltr'>judiciarius</span> <span class='ocrx_word' id='word_1_386' title='bbox 713 2791 889 2837; x_wconf 81' lang='lat' dir='ltr'>appelletur,</span> <span class='ocrx_word' id='word_1_387' title='bbox 912 2803 983 2825; x_wconf 87' lang='lat' dir='ltr'>nam</span> <span class='ocrx_word' id='word_1_388' title='bbox 1012 2791 1159 2825; x_wconf 83' lang='lat' dir='ltr'>recentior</span> 
     </span>
    </p>
   </div>
   <div class='ocr_carea' id='block_1_11' title="bbox 420 2839 469 2873">
    <p class='ocr_par' dir='ltr' id='par_1_15' title="bbox 420 2839 469 2873">
     <span class='ocr_line' id='line_1_63' title="bbox 420 2839 469 2873; baseline 0.02 -1"><span class='ocrx_word' id='word_1_389' title='bbox 420 2839 469 2873; x_wconf 76' lang='lat' dir='ltr'>est.</span> 
     </span>
    </p>
   </div>
   <div class='ocr_carea' id='block_1_12' title="bbox 547 2036 676 2043">
    <p class='ocr_par' dir='ltr' id='par_1_16' title="bbox 547 2036 676 2043">
     <span class='ocr_line' id='line_1_64' title="bbox 547 2036 676 2043; baseline 0 1766"><span class='ocrx_word' id='word_1_390' title='bbox 547 2036 676 2043; x_wconf 95' lang='lat' dir='ltr'> </span> 
     </span>
    </p>
   </div>
   <div class='ocr_carea' id='block_1_13' title="bbox 470 2980 1111 3069">
    <p class='ocr_par' dir='ltr' id='par_1_17' title="bbox 470 2980 1111 3069">
     <span class='ocr_line' id='line_1_65' title="bbox 470 2980 1111 3033; baseline 0.009 -19"><span class='ocrx_word' id='word_1_391' title='bbox 470 2980 490 3026; x_wconf 50' lang='lat' dir='ltr'>fl</span> <span class='ocrx_word' id='word_1_392' title='bbox 518 2989 558 3016; x_wconf 76' lang='lat' dir='ltr'>De</span> <span class='ocrx_word' id='word_1_393' title='bbox 574 2987 638 3019; x_wconf 81' lang='lat' dir='ltr'>libro</span> <span class='ocrx_word' id='word_1_394' title='bbox 656 2989 766 3028; x_wconf 74' lang='lat' dir='ltr'>censicali</span> <span class='ocrx_word' id='word_1_395' title='bbox 785 2988 855 3032; x_wconf 79' lang='lat' dir='ltr'>apud</span> <span class='ocrx_word' id='word_1_396' title='bbox 872 2990 970 3033; x_wconf 84' lang='lat' dir='ltr'>Anglos</span> <span class='ocrx_word' id='word_1_397' title='bbox 982 2992 1029 3032; x_wconf 83' lang='lat' dir='ltr'>qui</span> <span class='ocrx_word' id='word_1_398' title='bbox 1047 2987 1111 3020; x_wconf 82' lang='lat' dir='ltr'>Do-</span> 
     </span>
     <span class='ocr_line' id='line_1_66' title="bbox 652 3035 1109 3069; baseline 0.007 -2"><span class='ocrx_word' id='word_1_399' title='bbox 652 3035 762 3068; x_wconf 75' lang='lat' dir='ltr'>mcsdei</span> <span class='ocrx_word' id='word_1_400' title='bbox 787 3047 902 3069; x_wconf 76' lang='lat' dir='ltr'>vocatur.</span> <span class='ocrx_word' id='word_1_401' title='bbox 1063 3044 1068 3049; x_wconf 77' lang='grc'><strong>“</strong></span> <span class='ocrx_word' id='word_1_402' title='bbox 1105 3057 1109 3059; x_wconf 42' lang='lat'><em>*</em></span> 
     </span>
    </p>
   </div>
   <div class='ocr_carea' id='block_1_14' title="bbox 427 3121 1163 3459">
    <p class='ocr_par' dir='ltr' id='par_1_18' title="bbox 427 3121 1163 3459">
     <span class='ocr_line' id='line_1_67' title="bbox 478 3121 1162 3172; baseline 0.01 -13"><span class='ocrx_word' id='word_1_403' title='bbox 478 3121 498 3168; x_wconf 54' lang='lat' dir='ltr'><strong>ff</strong></span> <span class='ocrx_word' id='word_1_404' title='bbox 518 3124 685 3171; x_wconf 57' lang='lat' dir='ltr'>Domcffdei.</span> <span class='ocrx_word' id='word_1_405' title='bbox 700 3126 716 3172; x_wconf 93' lang='lat'>]</span> <span class='ocrx_word' id='word_1_406' title='bbox 738 3129 977 3163; x_wconf 82' lang='lat' dir='ltr'>Monumentum</span> <span class='ocrx_word' id='word_1_407' title='bbox 990 3132 1079 3165; x_wconf 87' lang='lat' dir='ltr'>totius</span> <span class='ocrx_word' id='word_1_408' title='bbox 1096 3132 1162 3165; x_wconf 86' lang='lat' dir='ltr'>Bri-</span> 
     </span>
     <span class='ocr_line' id='line_1_68' title="bbox 429 3172 1162 3225; baseline 0.012 -21"><span class='ocrx_word' id='word_1_409' title='bbox 429 3172 548 3212; x_wconf 80' lang='lat' dir='ltr'>tanniae,</span> <span class='ocrx_word' id='word_1_410' title='bbox 564 3187 624 3208; x_wconf 89' lang='lat' dir='ltr'>non</span> <span class='ocrx_word' id='word_1_411' title='bbox 636 3175 703 3208; x_wconf 87' lang='lat' dir='ltr'>dico</span> <span class='ocrx_word' id='word_1_412' title='bbox 720 3176 965 3222; x_wconf 83' lang='lat' dir='ltr'>antiquiffimum,</span> <span class='ocrx_word' id='word_1_413' title='bbox 990 3179 1038 3212; x_wconf 82' lang='lat' dir='ltr'>sed</span> <span class='ocrx_word' id='word_1_414' title='bbox 1051 3179 1162 3225; x_wconf 86' lang='lat' dir='ltr'>absque</span> 
     </span>
     <span class='ocr_line' id='line_1_69' title="bbox 431 3220 1162 3271; baseline 0.012 -20"><span class='ocrx_word' id='word_1_415' title='bbox 431 3220 630 3254; x_wconf 82' lang='lat' dir='ltr'>controverlia</span> <span class='ocrx_word' id='word_1_416' title='bbox 646 3223 889 3268; x_wconf 81' lang='lat' dir='ltr'>augustissimum.</span> <span class='ocrx_word' id='word_1_417' title='bbox 910 3225 1037 3258; x_wconf 86' lang='lat' dir='ltr'>Duobus</span> <span class='ocrx_word' id='word_1_418' title='bbox 1045 3227 1162 3271; x_wconf 84' lang='lat' dir='ltr'>magnis</span> 
     </span>
     <span class='ocr_line' id='line_1_70' title="bbox 427 3267 1161 3318; baseline 0.011 -19"><span class='ocrx_word' id='word_1_419' title='bbox 427 3267 640 3308; x_wconf 82' lang='lat' dir='ltr'>voluminibus,</span> <span class='ocrx_word' id='word_1_420' title='bbox 658 3271 773 3315; x_wconf 80' lang='lat' dir='ltr'>Angliae</span> <span class='ocrx_word' id='word_1_421' title='bbox 782 3271 1009 3318; x_wconf 83' lang='lat' dir='ltr'>descriptionem</span> <span class='ocrx_word' id='word_1_422' title='bbox 1018 3274 1161 3315; x_wconf 86' lang='lat' dir='ltr'>continet,</span> 
     </span>
     <span class='ocr_line' id='line_1_71' title="bbox 427 3315 1162 3361; baseline 0.011 -13"><span class='ocrx_word' id='word_1_423' title='bbox 427 3315 597 3349; x_wconf 84' lang='lat' dir='ltr'>inchoatam</span> <span class='ocrx_word' id='word_1_424' title='bbox 618 3315 705 3361; x_wconf 86' lang='lat' dir='ltr'>juxta</span> <span class='ocrx_word' id='word_1_425' title='bbox 736 3319 864 3352; x_wconf 83' lang='lat' dir='ltr'>Annales</span> <span class='ocrx_word' id='word_1_426' title='bbox 885 3321 1104 3356; x_wconf 76' lang='lat' dir='ltr'>Waverlienses</span> <span class='ocrx_word' id='word_1_427' title='bbox 1130 3324 1162 3356; x_wconf 67' lang='grc' dir='ltr'>ὃ(</span> 
     </span>
     <span class='ocr_line' id='line_1_72' title="bbox 427 3363 1163 3411; baseline 0.01 -15"><span class='ocrx_word' id='word_1_428' title='bbox 427 3363 510 3404; x_wconf 84' lang='lat' dir='ltr'>alios,</span> <span class='ocrx_word' id='word_1_429' title='bbox 528 3365 584 3397; x_wconf 84' lang='lat' dir='ltr'>An.</span> <span class='ocrx_word' id='word_1_430' title='bbox 604 3365 664 3397; x_wconf 87' lang='lat' dir='ltr'>Dn.</span> <span class='ocrx_word' id='word_1_431' title='bbox 693 3365 797 3411; x_wconf 89' lang='lat'>1083.</span> <span class='ocrx_word' id='word_1_432' title='bbox 825 3367 842 3398; x_wconf 87' lang='lat' dir='ltr'>i.</span> <span class='ocrx_word' id='word_1_433' title='bbox 869 3367 1015 3402; x_wconf 87' lang='lat' dir='ltr'>Gulielmi</span> <span class='ocrx_word' id='word_1_434' title='bbox 1035 3370 1163 3403; x_wconf 88' lang='lat' dir='ltr'>Senioris</span> 
     </span>
     <span class='ocr_line' id='line_1_73' title="bbox 433 3411 1163 3459; baseline 0.01 -15"><span class='ocrx_word' id='word_1_435' title='bbox 433 3412 487 3447; x_wconf 81' lang='lat'>16.</span> <span class='ocrx_word' id='word_1_436' title='bbox 513 3411 561 3446; x_wconf 85' lang='lat' dir='ltr'>sed</span> <span class='ocrx_word' id='word_1_437' title='bbox 576 3411 663 3458; x_wconf 83' lang='lat' dir='ltr'>juxta</span> <span class='ocrx_word' id='word_1_438' title='bbox 695 3412 835 3450; x_wconf 82' lang='lat' dir='ltr'>Rubrum</span> <span class='ocrx_word' id='word_1_439' title='bbox 862 3412 973 3449; x_wconf 87' lang='lat' dir='ltr'>librum</span> <span class='ocrx_word' id='word_1_440' title='bbox 1007 3417 1163 3459; x_wconf 87' lang='lat' dir='ltr'>Scaccarii,</span> 
     </span>
    </p>
   </div>
   <div class='ocr_carea' id='block_1_15' title="bbox 1178 467 1925 1285">
    <p class='ocr_par' dir='ltr' id='par_1_19' title="bbox 1178 467 1925 1285">
     <span class='ocr_line' id='line_1_74' title="bbox 1178 467 1920 514; baseline 0.007 -15"><span class='ocrx_word' id='word_1_441' title='bbox 1178 470 1363 511; x_wconf 76' lang='lat' dir='ltr'>judiciarius3</span> <span class='ocrx_word' id='word_1_442' title='bbox 1411 467 1480 503; x_wconf 65' lang='lat' dir='ltr'>alias</span> <span class='ocrx_word' id='word_1_443' title='bbox 1519 470 1654 509; x_wconf 51' lang='lat' dir='ltr'>Cen-[italis</span> <span class='ocrx_word' id='word_1_444' title='bbox 1683 473 1788 514; x_wconf 81' lang='lat' dir='ltr'>Angliae</span> <span class='ocrx_word' id='word_1_445' title='bbox 1801 483 1811 511; x_wconf 80' lang='lat'>3</span> <span class='ocrx_word' id='word_1_446' title='bbox 1850 471 1920 504; x_wconf 67' lang='lat' dir='ltr'>alias</span> 
     </span>
     <span class='ocr_line' id='line_1_75' title="bbox 1181 517 1922 561; baseline 0.004 -13"><span class='ocrx_word' id='word_1_447' title='bbox 1181 518 1286 560; x_wconf 73' lang='lat' dir='ltr'>Angliae</span> <span class='ocrx_word' id='word_1_448' title='bbox 1315 522 1425 558; x_wconf 81' lang='lat' dir='ltr'>noticia,</span> <span class='ocrx_word' id='word_1_449' title='bbox 1442 520 1474 551; x_wconf 70' lang='grc' dir='ltr'>ὅ(</span> <span class='ocrx_word' id='word_1_450' title='bbox 1496 521 1616 560; x_wconf 74' lang='lat' dir='ltr'>lustratio</span> <span class='ocrx_word' id='word_1_451' title='bbox 1634 532 1641 551; x_wconf 72' lang='grc' dir='ltr'><strong><em>ε</em></strong></span> <span class='ocrx_word' id='word_1_452' title='bbox 1661 517 1810 550; x_wconf 81' lang='lat' dir='ltr'>interdum</span> <span class='ocrx_word' id='word_1_453' title='bbox 1841 524 1922 561; x_wconf 78' lang='lat' dir='ltr'>Rotu-</span> 
     </span>
     <span class='ocr_line' id='line_1_76' title="bbox 1180 562 1920 613; baseline 0.004 -18"><span class='ocrx_word' id='word_1_454' title='bbox 1180 567 1220 596; x_wconf 84' lang='lat' dir='ltr'>lus</span> <span class='ocrx_word' id='word_1_455' title='bbox 1228 568 1308 609; x_wconf 80' lang='lat' dir='ltr'>regis,</span> <span class='ocrx_word' id='word_1_456' title='bbox 1331 566 1363 596; x_wconf 68' lang='grc' dir='ltr'>ὃς</span> <span class='ocrx_word' id='word_1_457' title='bbox 1380 562 1412 607; x_wconf 68' lang='grc' dir='ltr'>(ὲ</span> <span class='ocrx_word' id='word_1_458' title='bbox 1433 563 1622 599; x_wconf 75' lang='lat' dir='ltr'>similitudine</span> <span class='ocrx_word' id='word_1_459' title='bbox 1640 564 1828 613; x_wconf 79' lang='lat' dir='ltr'>antiquioris)</span> <span class='ocrx_word' id='word_1_460' title='bbox 1839 573 1920 608; x_wconf 75' lang='lat' dir='ltr'>Rotu-</span> 
     </span>
     <span class='ocr_line' id='line_1_77' title="bbox 1180 613 1921 661; baseline 0.005 -17"><span class='ocrx_word' id='word_1_461' title='bbox 1180 616 1222 644; x_wconf 87' lang='lat' dir='ltr'>lus</span> <span class='ocrx_word' id='word_1_462' title='bbox 1239 615 1400 653; x_wconf 78' lang='lat' dir='ltr'>Wntoniae,</span> <span class='ocrx_word' id='word_1_463' title='bbox 1418 613 1527 645; x_wconf 82' lang='lat' dir='ltr'>&amp;liber</span> <span class='ocrx_word' id='word_1_464' title='bbox 1538 618 1683 647; x_wconf 71' lang='lat' dir='ltr'>Wmom‘ae</span> <span class='ocrx_word' id='word_1_465' title='bbox 1701 625 1921 661; x_wconf 85' lang='lat' dir='ltr'>nuncupatum.</span> 
     </span>
     <span class='ocr_line' id='line_1_78' title="bbox 1181 658 1922 709; baseline 0.005 -16"><span class='ocrx_word' id='word_1_466' title='bbox 1181 660 1217 694; x_wconf 80' lang='lat' dir='ltr'>ln</span> <span class='ocrx_word' id='word_1_467' title='bbox 1229 659 1287 694; x_wconf 87' lang='lat' dir='ltr'>hoc</span> <span class='ocrx_word' id='word_1_468' title='bbox 1301 672 1353 706; x_wconf 89' lang='lat' dir='ltr'>per</span> <span class='ocrx_word' id='word_1_469' title='bbox 1363 658 1493 705; x_wconf 82' lang='lat' dir='ltr'>fingulos</span> <span class='ocrx_word' id='word_1_470' title='bbox 1503 661 1922 709; x_wconf 75' lang='lat' dir='ltr'>Comitatus,Rapas,LathaS,</span> 
     </span>
     <span class='ocr_line' id='line_1_79' title="bbox 1182 708 1921 754; baseline 0.005 -13"><span class='ocrx_word' id='word_1_471' title='bbox 1182 711 1214 742; x_wconf 68' lang='grc' dir='ltr'>δε</span> <span class='ocrx_word' id='word_1_472' title='bbox 1224 708 1383 742; x_wconf 87' lang='lat' dir='ltr'>Centurias</span> <span class='ocrx_word' id='word_1_473' title='bbox 1400 708 1486 754; x_wconf 82' lang='lat' dir='ltr'>(quas</span> <span class='ocrx_word' id='word_1_474' title='bbox 1503 709 1725 754; x_wconf 81' lang='lat' dir='ltr'>Wapentachia</span> <span class='ocrx_word' id='word_1_475' title='bbox 1737 714 1768 744; x_wconf 72' lang='grc' dir='ltr'>ὃ(</span> <span class='ocrx_word' id='word_1_476' title='bbox 1778 711 1921 745; x_wconf 90' lang='lat' dir='ltr'>Hundre-</span> 
     </span>
     <span class='ocr_line' id='line_1_80' title="bbox 1182 754 1922 804; baseline 0.007 -15"><span class='ocrx_word' id='word_1_477' title='bbox 1182 755 1236 790; x_wconf 85' lang='lat' dir='ltr'>dos</span> <span class='ocrx_word' id='word_1_478' title='bbox 1245 767 1356 790; x_wconf 87' lang='lat' dir='ltr'>vocant</span> <span class='ocrx_word' id='word_1_479' title='bbox 1369 754 1381 800; x_wconf 86' lang='lat'>)</span> <span class='ocrx_word' id='word_1_480' title='bbox 1396 757 1539 798; x_wconf 87' lang='lat' dir='ltr'>civitates,</span> <span class='ocrx_word' id='word_1_481' title='bbox 1550 755 1674 802; x_wconf 83' lang='lat' dir='ltr'>burgos,</span> <span class='ocrx_word' id='word_1_482' title='bbox 1688 759 1809 804; x_wconf 87' lang='lat' dir='ltr'>oppida,</span> <span class='ocrx_word' id='word_1_483' title='bbox 1817 759 1922 801; x_wconf 80' lang='lat' dir='ltr'>castra,</span> 
     </span>
     <span class='ocr_line' id='line_1_81' title="bbox 1181 804 1920 852; baseline 0.005 -14"><span class='ocrx_word' id='word_1_484' title='bbox 1181 804 1277 846; x_wconf 85' lang='lat' dir='ltr'>villas,</span> <span class='ocrx_word' id='word_1_485' title='bbox 1289 808 1346 839; x_wconf 67' lang='grc' dir='ltr'>ὅτε.</span> <span class='ocrx_word' id='word_1_486' title='bbox 1376 805 1554 852; x_wconf 72' lang='lat' dir='ltr'>destriptum</span> <span class='ocrx_word' id='word_1_487' title='bbox 1567 804 1610 838; x_wconf 87' lang='lat' dir='ltr'>est</span> <span class='ocrx_word' id='word_1_488' title='bbox 1627 805 1699 851; x_wconf 87' lang='lat' dir='ltr'>quid</span> <span class='ocrx_word' id='word_1_489' title='bbox 1714 806 1744 839; x_wconf 87' lang='lat' dir='ltr'>in</span> <span class='ocrx_word' id='word_1_490' title='bbox 1754 807 1870 850; x_wconf 82' lang='lat' dir='ltr'>praediis</span> <span class='ocrx_word' id='word_1_491' title='bbox 1888 812 1920 842; x_wconf 68' lang='grc' dir='ltr'>δε</span> 
     </span>
     <span class='ocr_line' id='line_1_82' title="bbox 1183 852 1921 900; baseline 0.003 -13"><span class='ocrx_word' id='word_1_492' title='bbox 1183 852 1321 887; x_wconf 90' lang='lat' dir='ltr'>domibus</span> <span class='ocrx_word' id='word_1_493' title='bbox 1337 867 1346 896; x_wconf 76' lang='lat'>3</span> <span class='ocrx_word' id='word_1_494' title='bbox 1359 853 1432 900; x_wconf 89' lang='lat' dir='ltr'>quid</span> <span class='ocrx_word' id='word_1_495' title='bbox 1450 854 1483 887; x_wconf 89' lang='lat' dir='ltr'>in</span> <span class='ocrx_word' id='word_1_496' title='bbox 1496 853 1581 887; x_wconf 81' lang='lat' dir='ltr'>terris</span> <span class='ocrx_word' id='word_1_497' title='bbox 1592 865 1661 900; x_wconf 87' lang='lat' dir='ltr'>quae</span> <span class='ocrx_word' id='word_1_498' title='bbox 1672 853 1812 887; x_wconf 86' lang='lat' dir='ltr'>dicuntur</span> <span class='ocrx_word' id='word_1_499' title='bbox 1825 855 1921 889; x_wconf 87' lang='lat' dir='ltr'>domi-</span> 
     </span>
     <span class='ocr_line' id='line_1_83' title="bbox 1183 901 1924 948; baseline 0.003 -13"><span class='ocrx_word' id='word_1_500' title='bbox 1183 901 1292 935; x_wconf 85' lang='lat' dir='ltr'>nicales</span> <span class='ocrx_word' id='word_1_501' title='bbox 1309 905 1341 935; x_wconf 63' lang='grc' dir='ltr'>ὃς</span> <span class='ocrx_word' id='word_1_502' title='bbox 1351 901 1562 936; x_wconf 70' lang='lat' dir='ltr'>tenemenmles</span> <span class='ocrx_word' id='word_1_503' title='bbox 1575 915 1585 945; x_wconf 78' lang='lat'>3</span> <span class='ocrx_word' id='word_1_504' title='bbox 1602 901 1675 947; x_wconf 87' lang='lat' dir='ltr'>quid</span> <span class='ocrx_word' id='word_1_505' title='bbox 1687 901 1718 935; x_wconf 88' lang='lat' dir='ltr'>in</span> <span class='ocrx_word' id='word_1_506' title='bbox 1729 903 1842 948; x_wconf 86' lang='lat' dir='ltr'>campis</span> <span class='ocrx_word' id='word_1_507' title='bbox 1859 916 1924 948; x_wconf 77' lang='lat' dir='ltr'>ara-</span> 
     </span>
     <span class='ocr_line' id='line_1_84' title="bbox 1183 948 1922 997; baseline 0.004 -15"><span class='ocrx_word' id='word_1_508' title='bbox 1183 949 1302 991; x_wconf 85' lang='lat' dir='ltr'>bilibus,</span> <span class='ocrx_word' id='word_1_509' title='bbox 1315 950 1418 995; x_wconf 90' lang='lat' dir='ltr'>pratis,</span> <span class='ocrx_word' id='word_1_510' title='bbox 1441 950 1565 997; x_wconf 78' lang='lat' dir='ltr'>pascuis,</span> <span class='ocrx_word' id='word_1_511' title='bbox 1582 948 1670 991; x_wconf 82' lang='lat' dir='ltr'>filvis,</span> <span class='ocrx_word' id='word_1_512' title='bbox 1686 949 1814 992; x_wconf 71' lang='lat' dir='ltr'>saltibus,</span> <span class='ocrx_word' id='word_1_513' title='bbox 1831 951 1922 996; x_wconf 88' lang='lat' dir='ltr'>pisca-</span> 
     </span>
     <span class='ocr_line' id='line_1_85' title="bbox 1184 997 1923 1043; baseline 0.004 -13"><span class='ocrx_word' id='word_1_514' title='bbox 1184 997 1244 1039; x_wconf 85' lang='lat' dir='ltr'>riis,</span> <span class='ocrx_word' id='word_1_515' title='bbox 1260 997 1431 1043; x_wconf 85' lang='lat' dir='ltr'>paludibus,</span> <span class='ocrx_word' id='word_1_516' title='bbox 1456 998 1646 1041; x_wconf 88' lang='lat' dir='ltr'>communiis,</span> <span class='ocrx_word' id='word_1_517' title='bbox 1657 1001 1712 1032; x_wconf 61' lang='lat' dir='ltr'>&amp;a</span> <span class='ocrx_word' id='word_1_518' title='bbox 1748 999 1923 1033; x_wconf 84' lang='lat' dir='ltr'>contineba-</span> 
     </span>
     <span class='ocr_line' id='line_1_86' title="bbox 1184 1044 1920 1093; baseline 0.004 -14"><span class='ocrx_word' id='word_1_519' title='bbox 1184 1054 1241 1079; x_wconf 88' lang='lat' dir='ltr'>tur.</span> <span class='ocrx_word' id='word_1_520' title='bbox 1263 1047 1353 1086; x_wconf 84' lang='lat' dir='ltr'>Quot</span> <span class='ocrx_word' id='word_1_521' title='bbox 1362 1044 1498 1080; x_wconf 89' lang='lat' dir='ltr'>homines</span> <span class='ocrx_word' id='word_1_522' title='bbox 1512 1050 1544 1080; x_wconf 70' lang='grc' dir='ltr'>ὃ(</span> <span class='ocrx_word' id='word_1_523' title='bbox 1561 1045 1643 1093; x_wconf 88' lang='lat' dir='ltr'>cujus</span> <span class='ocrx_word' id='word_1_524' title='bbox 1660 1046 1849 1089; x_wconf 82' lang='lat' dir='ltr'>conditionis,</span> <span class='ocrx_word' id='word_1_525' title='bbox 1862 1048 1920 1082; x_wconf 91' lang='lat' dir='ltr'>mi-</span> 
     </span>
     <span class='ocr_line' id='line_1_87' title="bbox 1185 1093 1921 1141; baseline 0.004 -14"><span class='ocrx_word' id='word_1_526' title='bbox 1185 1093 1261 1136; x_wconf 85' lang='lat' dir='ltr'>lites,</span> <span class='ocrx_word' id='word_1_527' title='bbox 1272 1093 1404 1135; x_wconf 84' lang='lat' dir='ltr'>colonos,</span> <span class='ocrx_word' id='word_1_528' title='bbox 1421 1095 1582 1140; x_wconf 88' lang='lat' dir='ltr'>mancipia,</span> <span class='ocrx_word' id='word_1_529' title='bbox 1603 1095 1756 1141; x_wconf 76' lang='lat' dir='ltr'>‚operarios</span> <span class='ocrx_word' id='word_1_530' title='bbox 1779 1095 1850 1140; x_wconf 84' lang='lat' dir='ltr'>(aevi</span> <span class='ocrx_word' id='word_1_531' title='bbox 1867 1107 1921 1130; x_wconf 75' lang='lat' dir='ltr'>vo-</span> 
     </span>
     <span class='ocr_line' id='line_1_88' title="bbox 1185 1140 1924 1189; baseline 0.003 -13"><span class='ocrx_word' id='word_1_532' title='bbox 1185 1142 1295 1176; x_wconf 73' lang='lat' dir='ltr'>cabulis</span> <span class='ocrx_word' id='word_1_533' title='bbox 1329 1140 1503 1186; x_wconf 66' lang='lat' dir='ltr'>distineros)</span> <span class='ocrx_word' id='word_1_534' title='bbox 1532 1142 1603 1176; x_wconf 87' lang='lat' dir='ltr'>villa</span> <span class='ocrx_word' id='word_1_535' title='bbox 1633 1143 1772 1189; x_wconf 87' lang='lat' dir='ltr'>quaelibet</span> <span class='ocrx_word' id='word_1_536' title='bbox 1807 1144 1899 1178; x_wconf 86' lang='lat' dir='ltr'>aleret</span> <span class='ocrx_word' id='word_1_537' title='bbox 1913 1159 1924 1189; x_wconf 77' lang='lat'>3</span> 
     </span>
     <span class='ocr_line' id='line_1_89' title="bbox 1186 1190 1923 1237; baseline 0.004 -13"><span class='ocrx_word' id='word_1_538' title='bbox 1186 1191 1259 1237; x_wconf 88' lang='lat' dir='ltr'>quid</span> <span class='ocrx_word' id='word_1_539' title='bbox 1279 1192 1310 1224; x_wconf 88' lang='lat' dir='ltr'>in</span> <span class='ocrx_word' id='word_1_540' title='bbox 1321 1190 1444 1233; x_wconf 90' lang='lat' dir='ltr'>tributo,</span> <span class='ocrx_word' id='word_1_541' title='bbox 1459 1190 1557 1233; x_wconf 89' lang='lat' dir='ltr'>censu,</span> <span class='ocrx_word' id='word_1_542' title='bbox 1569 1190 1743 1232; x_wconf 77' lang='lat' dir='ltr'>redditibus,</span> <span class='ocrx_word' id='word_1_543' title='bbox 1751 1192 1872 1226; x_wconf 78' lang='lat' dir='ltr'>servitiis</span> <span class='ocrx_word' id='word_1_544' title='bbox 1891 1197 1923 1228; x_wconf 70' lang='grc' dir='ltr'>ὃ(</span> 
     </span>
     <span class='ocr_line' id='line_1_90' title="bbox 1188 1238 1925 1285; baseline 0.004 -13"><span class='ocrx_word' id='word_1_545' title='bbox 1188 1238 1458 1281; x_wconf 86' lang='lat' dir='ltr'>consuetudinibus,</span> <span class='ocrx_word' id='word_1_546' title='bbox 1475 1239 1512 1273; x_wconf 88' lang='lat' dir='ltr'>de</span> <span class='ocrx_word' id='word_1_547' title='bbox 1531 1239 1668 1285; x_wconf 76' lang='lat' dir='ltr'>praesenti</span> <span class='ocrx_word' id='word_1_548' title='bbox 1686 1239 1804 1274; x_wconf 86' lang='lat' dir='ltr'>valebat</span> <span class='ocrx_word' id='word_1_549' title='bbox 1821 1241 1925 1275; x_wconf 83' lang='lat' dir='ltr'>redde-</span> 
     </span>
    </p>
   </div>
   <div class='ocr_carea' id='block_1_16' title="bbox 1187 1287 1924 1382">
    <p class='ocr_par' dir='ltr' id='par_1_20' title="bbox 1187 1287 1924 1382">
     <span class='ocr_line' id='line_1_91' title="bbox 1187 1287 1924 1334; baseline 0.004 -13"><span class='ocrx_word' id='word_1_550' title='bbox 1187 1287 1322 1334; x_wconf 80' lang='lat' dir='ltr'>batque3</span> <span class='ocrx_word' id='word_1_551' title='bbox 1345 1287 1418 1333; x_wconf 89' lang='lat' dir='ltr'>quid</span> <span class='ocrx_word' id='word_1_552' title='bbox 1444 1288 1476 1321; x_wconf 89' lang='lat' dir='ltr'>in</span> <span class='ocrx_word' id='word_1_553' title='bbox 1504 1299 1572 1322; x_wconf 87' lang='lat' dir='ltr'>aevo</span> <span class='ocrx_word' id='word_1_554' title='bbox 1588 1287 1642 1322; x_wconf 91' lang='lat' dir='ltr'>sub</span> <span class='ocrx_word' id='word_1_555' title='bbox 1665 1287 1827 1323; x_wconf 85' lang='lat' dir='ltr'>Edouardo</span> <span class='ocrx_word' id='word_1_556' title='bbox 1840 1290 1924 1324; x_wconf 84' lang='lat' dir='ltr'>Con-</span> 
     </span>
     <span class='ocr_line' id='line_1_92' title="bbox 1188 1333 1413 1382; baseline 0 -12"><span class='ocrx_word' id='word_1_557' title='bbox 1188 1333 1294 1370; x_wconf 86' lang='lat' dir='ltr'>fessore</span> <span class='ocrx_word' id='word_1_558' title='bbox 1307 1335 1413 1382; x_wconf 89' lang='lat' dir='ltr'>elapso.</span> 
     </span>
    </p>
   </div>
   <div class='ocr_carea' id='block_1_17' title="bbox 1190 1418 1944 2574">
    <p class='ocr_par' dir='ltr' id='par_1_21' title="bbox 1190 1418 1944 2574">
     <span class='ocr_line' id='line_1_93' title="bbox 1237 1418 1929 1467; baseline 0.001 -14"><span class='ocrx_word' id='word_1_559' title='bbox 1237 1418 1330 1453; x_wconf 86' lang='lat' dir='ltr'>Series</span> <span class='ocrx_word' id='word_1_560' title='bbox 1339 1419 1436 1466; x_wconf 87' lang='lat' dir='ltr'>operis</span> <span class='ocrx_word' id='word_1_561' title='bbox 1444 1418 1530 1466; x_wconf 80' lang='lat' dir='ltr'>juxta</span> <span class='ocrx_word' id='word_1_562' title='bbox 1541 1421 1713 1455; x_wconf 85' lang='lat' dir='ltr'>Comitatus</span> <span class='ocrx_word' id='word_1_563' title='bbox 1730 1419 1929 1467; x_wconf 84' lang='lat' dir='ltr'>distinguitur·</span> 
     </span>
     <span class='ocr_line' id='line_1_94' title="bbox 1190 1467 1928 1515; baseline 0.001 -14"><span class='ocrx_word' id='word_1_564' title='bbox 1190 1468 1226 1501; x_wconf 92' lang='lat' dir='ltr'>In</span> <span class='ocrx_word' id='word_1_565' title='bbox 1238 1468 1324 1501; x_wconf 81' lang='lat' dir='ltr'>initio</span> <span class='ocrx_word' id='word_1_566' title='bbox 1343 1467 1480 1515; x_wconf 87' lang='lat' dir='ltr'>cujusque</span> <span class='ocrx_word' id='word_1_567' title='bbox 1493 1494 1504 1509; x_wconf 95' lang='lat'>,</span> <span class='ocrx_word' id='word_1_568' title='bbox 1521 1469 1680 1503; x_wconf 80' lang='lat' dir='ltr'>exhibetur</span> <span class='ocrx_word' id='word_1_569' title='bbox 1698 1469 1851 1515; x_wconf 84' lang='lat' dir='ltr'>catalogus</span> <span class='ocrx_word' id='word_1_570' title='bbox 1863 1482 1928 1502; x_wconf 90' lang='lat' dir='ltr'>om-</span> 
     </span>
     <span class='ocr_line' id='line_1_95' title="bbox 1192 1516 1930 1562; baseline 0 -13"><span class='ocrx_word' id='word_1_571' title='bbox 1192 1516 1278 1550; x_wconf 91' lang='lat' dir='ltr'>nium</span> <span class='ocrx_word' id='word_1_572' title='bbox 1291 1516 1464 1562; x_wconf 81' lang='lat' dir='ltr'>capitalium</span> <span class='ocrx_word' id='word_1_573' title='bbox 1476 1516 1683 1562; x_wconf 73' lang='lat' dir='ltr'>dominorum³</span> <span class='ocrx_word' id='word_1_574' title='bbox 1706 1517 1759 1562; x_wconf 88' lang='lat' dir='ltr'>qui</span> <span class='ocrx_word' id='word_1_575' title='bbox 1778 1517 1808 1549; x_wconf 91' lang='lat' dir='ltr'>in</span> <span class='ocrx_word' id='word_1_576' title='bbox 1821 1516 1930 1550; x_wconf 88' lang='lat' dir='ltr'>eodem</span> 
     </span>
     <span class='ocr_line' id='line_1_96' title="bbox 1192 1564 1932 1615; baseline 0.003 -19"><span class='ocrx_word' id='word_1_577' title='bbox 1192 1564 1352 1615; x_wconf 38' lang='lat' dir='ltr'>Comitahtu</span> <span class='ocrx_word' id='word_1_578' title='bbox 1374 1564 1530 1610; x_wconf 86' lang='lat' dir='ltr'>quidpiam</span> <span class='ocrx_word' id='word_1_579' title='bbox 1547 1565 1700 1611; x_wconf 87' lang='lat' dir='ltr'>poffident.</span> <span class='ocrx_word' id='word_1_580' title='bbox 1717 1565 1834 1605; x_wconf 79' lang='lat' dir='ltr'>Primo,</span> <span class='ocrx_word' id='word_1_581' title='bbox 1852 1566 1932 1605; x_wconf 89' lang='lat' dir='ltr'>Rex,</span> 
     </span>
     <span class='ocr_line' id='line_1_97' title="bbox 1191 1610 1931 1658; baseline 0.003 -14"><span class='ocrx_word' id='word_1_582' title='bbox 1191 1610 1304 1644; x_wconf 86' lang='lat' dir='ltr'>deinde</span> <span class='ocrx_word' id='word_1_583' title='bbox 1317 1623 1456 1657; x_wconf 87' lang='lat' dir='ltr'>proceres</span> <span class='ocrx_word' id='word_1_584' title='bbox 1473 1612 1634 1646; x_wconf 74' lang='lat' dir='ltr'>secundum</span> <span class='ocrx_word' id='word_1_585' title='bbox 1645 1611 1744 1646; x_wconf 84' lang='lat' dir='ltr'>claffes</span> <span class='ocrx_word' id='word_1_586' title='bbox 1757 1616 1789 1646; x_wconf 88' lang='lat'>&amp;</span> <span class='ocrx_word' id='word_1_587' title='bbox 1802 1611 1931 1658; x_wconf 84' lang='lat' dir='ltr'>dignita-</span> 
     </span>
     <span class='ocr_line' id='line_1_98' title="bbox 1192 1659 1931 1706; baseline 0.003 -14"><span class='ocrx_word' id='word_1_588' title='bbox 1192 1669 1235 1693; x_wconf 86' lang='lat' dir='ltr'>tes</span> <span class='ocrx_word' id='word_1_589' title='bbox 1247 1659 1318 1693; x_wconf 85' lang='lat' dir='ltr'>suas.</span> <span class='ocrx_word' id='word_1_590' title='bbox 1342 1660 1411 1694; x_wconf 90' lang='lat' dir='ltr'>Nec</span> <span class='ocrx_word' id='word_1_591' title='bbox 1429 1660 1462 1694; x_wconf 87' lang='lat' dir='ltr'>hi</span> <span class='ocrx_word' id='word_1_592' title='bbox 1478 1659 1602 1706; x_wconf 90' lang='lat' dir='ltr'>quidem</span> <span class='ocrx_word' id='word_1_593' title='bbox 1620 1659 1788 1694; x_wconf 80' lang='lat' dir='ltr'>numerosi:</span> <span class='ocrx_word' id='word_1_594' title='bbox 1813 1673 1884 1694; x_wconf 86' lang='lat' dir='ltr'>nam</span> <span class='ocrx_word' id='word_1_595' title='bbox 1894 1674 1931 1694; x_wconf 91' lang='lat' dir='ltr'>eo</span> 
     </span>
     <span class='ocr_line' id='line_1_99' title="bbox 1192 1707 1932 1756; baseline 0.003 -16"><span class='ocrx_word' id='word_1_596' title='bbox 1192 1708 1289 1744; x_wconf 70' lang='lat' dir='ltr'>stculo</span> <span class='ocrx_word' id='word_1_597' title='bbox 1301 1720 1363 1741; x_wconf 90' lang='lat' dir='ltr'>non</span> <span class='ocrx_word' id='word_1_598' title='bbox 1379 1707 1617 1743; x_wconf 88' lang='lat' dir='ltr'>distrahebantur</span> <span class='ocrx_word' id='word_1_599' title='bbox 1639 1709 1752 1756; x_wconf 85' lang='lat' dir='ltr'>praedia</span> <span class='ocrx_word' id='word_1_600' title='bbox 1774 1709 1804 1743; x_wconf 91' lang='lat' dir='ltr'>in</span> <span class='ocrx_word' id='word_1_601' title='bbox 1821 1709 1932 1755; x_wconf 68' lang='lat' dir='ltr'>vulgus</span> 
     </span>
     <span class='ocr_line' id='line_1_100' title="bbox 1193 1755 1931 1803; baseline 0.004 -15"><span class='ocrx_word' id='word_1_602' title='bbox 1193 1755 1461 1802; x_wconf 73' lang='lat' dir='ltr'>proprietariorum</span> <span class='ocrx_word' id='word_1_603' title='bbox 1484 1760 1496 1797; x_wconf 92' lang='lat'><em>(</em></span> <span class='ocrx_word' id='word_1_604' title='bbox 1507 1767 1543 1789; x_wconf 86' lang='lat' dir='ltr'>ut</span> <span class='ocrx_word' id='word_1_605' title='bbox 1554 1757 1644 1790; x_wconf 92' lang='lat' dir='ltr'>hodie</span> <span class='ocrx_word' id='word_1_606' title='bbox 1657 1757 1760 1803; x_wconf 84' lang='lat' dir='ltr'>paffim</span> <span class='ocrx_word' id='word_1_607' title='bbox 1771 1759 1782 1796; x_wconf 65' lang='lat' dir='ltr'>j</span> <span class='ocrx_word' id='word_1_608' title='bbox 1801 1757 1848 1791; x_wconf 73' lang='lat' dir='ltr'>sed</span> <span class='ocrx_word' id='word_1_609' title='bbox 1860 1758 1931 1791; x_wconf 89' lang='lat' dir='ltr'>villa</span> 
     </span>
     <span class='ocr_line' id='line_1_101' title="bbox 1194 1803 1933 1851; baseline 0.003 -14"><span class='ocrx_word' id='word_1_610' title='bbox 1194 1804 1311 1849; x_wconf 88' lang='lat' dir='ltr'>integra</span> <span class='ocrx_word' id='word_1_611' title='bbox 1333 1816 1422 1850; x_wconf 88' lang='lat' dir='ltr'>penes</span> <span class='ocrx_word' id='word_1_612' title='bbox 1450 1803 1609 1838; x_wconf 85' lang='lat' dir='ltr'>dominum</span> <span class='ocrx_word' id='word_1_613' title='bbox 1627 1817 1722 1839; x_wconf 87' lang='lat' dir='ltr'>unum</span> <span class='ocrx_word' id='word_1_614' title='bbox 1744 1805 1933 1851; x_wconf 84' lang='lat' dir='ltr'>plerumque,</span> 
     </span>
     <span class='ocr_line' id='line_1_102' title="bbox 1194 1852 1933 1900; baseline 0.003 -15"><span class='ocrx_word' id='word_1_615' title='bbox 1194 1852 1243 1885; x_wconf 86' lang='lat' dir='ltr'>vel</span> <span class='ocrx_word' id='word_1_616' title='bbox 1255 1853 1381 1886; x_wconf 84' lang='lat' dir='ltr'>alterum</span> <span class='ocrx_word' id='word_1_617' title='bbox 1392 1853 1597 1899; x_wconf 87' lang='lat' dir='ltr'>permanebat,</span> <span class='ocrx_word' id='word_1_618' title='bbox 1619 1853 1705 1900; x_wconf 86' lang='lat' dir='ltr'>plebe</span> <span class='ocrx_word' id='word_1_619' title='bbox 1717 1854 1933 1899; x_wconf 81' lang='lat' dir='ltr'>agriculturam</span> 
     </span>
     <span class='ocr_line' id='line_1_103' title="bbox 1195 1900 1935 1949; baseline 0.001 -15"><span class='ocrx_word' id='word_1_620' title='bbox 1195 1901 1247 1934; x_wconf 74' lang='lat' dir='ltr'>sub</span> <span class='ocrx_word' id='word_1_621' title='bbox 1260 1900 1368 1935; x_wconf 86' lang='lat' dir='ltr'>eodem</span> <span class='ocrx_word' id='word_1_622' title='bbox 1379 1911 1544 1936; x_wconf 84' lang='lat' dir='ltr'>exercente.</span> <span class='ocrx_word' id='word_1_623' title='bbox 1568 1903 1603 1936; x_wconf 90' lang='lat' dir='ltr'>ln</span> <span class='ocrx_word' id='word_1_624' title='bbox 1620 1912 1684 1936; x_wconf 86' lang='lat' dir='ltr'>tota</span> <span class='ocrx_word' id='word_1_625' title='bbox 1698 1900 1857 1936; x_wconf 82' lang='lat' dir='ltr'>Norfolcia</span> <span class='ocrx_word' id='word_1_626' title='bbox 1866 1915 1935 1949; x_wconf 83' lang='lat' dir='ltr'>quae</span> 
     </span>
     <span class='ocr_line' id='line_1_104' title="bbox 1196 1948 1935 1997; baseline 0.003 -15"><span class='ocrx_word' id='word_1_627' title='bbox 1196 1949 1235 1983; x_wconf 88' lang='lat' dir='ltr'>ad</span> <span class='ocrx_word' id='word_1_628' title='bbox 1257 1961 1312 1994; x_wconf 86' lang='lat'>50.</span> <span class='ocrx_word' id='word_1_629' title='bbox 1322 1950 1449 1983; x_wconf 82' lang='lat' dir='ltr'>miliaria</span> <span class='ocrx_word' id='word_1_630' title='bbox 1462 1949 1524 1994; x_wconf 89' lang='lat' dir='ltr'>(vel</span> <span class='ocrx_word' id='word_1_631' title='bbox 1543 1950 1580 1984; x_wconf 75' lang='lat' dir='ltr'>eo</span> <span class='ocrx_word' id='word_1_632' title='bbox 1598 1948 1697 1997; x_wconf 77' lang='lat' dir='ltr'>lupra)</span> <span class='ocrx_word' id='word_1_633' title='bbox 1715 1950 1935 1992; x_wconf 59' lang='lat' dir='ltr'>extendam-‚ad</span> 
     </span>
     <span class='ocr_line' id='line_1_105' title="bbox 1202 1997 1934 2044; baseline 0.003 -14"><span class='ocrx_word' id='word_1_634' title='bbox 1202 2009 1256 2041; x_wconf 85' lang='lat'>30.</span> <span class='ocrx_word' id='word_1_635' title='bbox 1274 1997 1339 2042; x_wconf 85' lang='lat' dir='ltr'>plus</span> <span class='ocrx_word' id='word_1_636' title='bbox 1358 1997 1456 2031; x_wconf 88' lang='lat' dir='ltr'>minus</span> <span class='ocrx_word' id='word_1_637' title='bbox 1479 1997 1623 2031; x_wconf 87' lang='lat' dir='ltr'>dilatatur</span> <span class='ocrx_word' id='word_1_638' title='bbox 1639 2012 1647 2031; x_wconf 91' lang='lat'>:</span> <span class='ocrx_word' id='word_1_639' title='bbox 1688 1997 1778 2044; x_wconf 73' lang='lat' dir='ltr'>vaj,</span> <span class='ocrx_word' id='word_1_640' title='bbox 1801 2009 1934 2032; x_wconf 85' lang='lat' dir='ltr'>tantum-</span> 
     </span>
     <span class='ocr_line' id='line_1_106' title="bbox 1197 2044 1932 2090; baseline 0.003 -12"><span class='ocrx_word' id='word_1_641' title='bbox 1197 2044 1291 2078; x_wconf 89' lang='lat' dir='ltr'>modo</span> <span class='ocrx_word' id='word_1_642' title='bbox 1319 2056 1514 2079; x_wconf 82' lang='lat' dir='ltr'>numerantur</span> <span class='ocrx_word' id='word_1_643' title='bbox 1527 2046 1578 2079; x_wconf 89' lang='lat' dir='ltr'>soli</span> <span class='ocrx_word' id='word_1_644' title='bbox 1601 2045 1672 2090; x_wconf 76' lang='lat' dir='ltr'>(seu</span> <span class='ocrx_word' id='word_1_645' title='bbox 1682 2044 1792 2089; x_wconf 84' lang='lat' dir='ltr'>fundi)</span> <span class='ocrx_word' id='word_1_646' title='bbox 1808 2046 1932 2080; x_wconf 82' lang='lat' dir='ltr'>domini.</span> 
     </span>
     <span class='ocr_line' id='line_1_107' title="bbox 1198 2093 1938 2140; baseline 0.001 -14"><span class='ocrx_word' id='word_1_647' title='bbox 1198 2093 1244 2126; x_wconf 89' lang='lat' dir='ltr'>Hi</span> <span class='ocrx_word' id='word_1_648' title='bbox 1263 2093 1294 2126; x_wconf 90' lang='lat' dir='ltr'>in</span> <span class='ocrx_word' id='word_1_649' title='bbox 1316 2094 1447 2140; x_wconf 87' lang='lat' dir='ltr'>sequenti</span> <span class='ocrx_word' id='word_1_650' title='bbox 1473 2093 1667 2140; x_wconf 86' lang='lat' dir='ltr'>descriptione</span> <span class='ocrx_word' id='word_1_651' title='bbox 1685 2095 1812 2128; x_wconf 85' lang='lat' dir='ltr'>totidem</span> <span class='ocrx_word' id='word_1_652' title='bbox 1837 2095 1938 2129; x_wconf 88' lang='lat' dir='ltr'>titulos</span> 
     </span>
     <span class='ocr_line' id='line_1_108' title="bbox 1197 2140 1939 2189; baseline 0.001 -14"><span class='ocrx_word' id='word_1_653' title='bbox 1197 2140 1383 2183; x_wconf 85' lang='lat' dir='ltr'>conficiunt,</span> <span class='ocrx_word' id='word_1_654' title='bbox 1406 2147 1507 2187; x_wconf 79' lang='lat' dir='ltr'>Capita</span> <span class='ocrx_word' id='word_1_655' title='bbox 1541 2142 1658 2176; x_wconf 69' lang='grc' dir='ltr'>ἀίξὶοεῑ</span> <span class='ocrx_word' id='word_1_656' title='bbox 1695 2143 1800 2189; x_wconf 83' lang='lat' dir='ltr'>quibus</span> <span class='ocrx_word' id='word_1_657' title='bbox 1818 2142 1939 2189; x_wconf 83' lang='lat' dir='ltr'>singulis</span> 
     </span>
     <span class='ocr_line' id='line_1_109' title="bbox 1199 2189 1938 2238; baseline 0.004 -16"><span class='ocrx_word' id='word_1_658' title='bbox 1199 2189 1372 2224; x_wconf 78' lang='lat' dir='ltr'>subnotatur</span> <span class='ocrx_word' id='word_1_659' title='bbox 1385 2190 1531 2236; x_wconf 75' lang='lat' dir='ltr'>primum,</span> <span class='ocrx_word' id='word_1_660' title='bbox 1541 2190 1726 2224; x_wconf 82' lang='lat' dir='ltr'>Hundredus</span> <span class='ocrx_word' id='word_1_661' title='bbox 1739 2191 1788 2224; x_wconf 88' lang='lat' dir='ltr'>seu</span> <span class='ocrx_word' id='word_1_662' title='bbox 1800 2192 1938 2238; x_wconf 69' lang='lat' dir='ltr'>VVapen-</span> 
     </span>
     <span class='ocr_line' id='line_1_110' title="bbox 1200 2237 1940 2287; baseline 0.004 -17"><span class='ocrx_word' id='word_1_663' title='bbox 1200 2237 1342 2271; x_wconf 71' lang='lat' dir='ltr'>rachium.</span> <span class='ocrx_word' id='word_1_664' title='bbox 1355 2237 1474 2272; x_wconf 89' lang='lat' dir='ltr'>Deinde</span> <span class='ocrx_word' id='word_1_665' title='bbox 1494 2239 1573 2273; x_wconf 86' lang='lat' dir='ltr'>villae</span> <span class='ocrx_word' id='word_1_666' title='bbox 1588 2237 1739 2285; x_wconf 72' lang='lat' dir='ltr'>sigillatim</span> <span class='ocrx_word' id='word_1_667' title='bbox 1750 2252 1818 2286; x_wconf 88' lang='lat' dir='ltr'>quae</span> <span class='ocrx_word' id='word_1_668' title='bbox 1844 2240 1882 2273; x_wconf 90' lang='lat' dir='ltr'>de</span> <span class='ocrx_word' id='word_1_669' title='bbox 1896 2241 1940 2287; x_wconf 83' lang='lat' dir='ltr'>ip-</span> 
     </span>
     <span class='ocr_line' id='line_1_111' title="bbox 1206 2284 1941 2334; baseline 0.004 -15"><span class='ocrx_word' id='word_1_670' title='bbox 1206 2284 1261 2319; x_wconf 77' lang='lat' dir='ltr'>sius</span> <span class='ocrx_word' id='word_1_671' title='bbox 1271 2285 1385 2319; x_wconf 89' lang='lat' dir='ltr'>domini</span> <span class='ocrx_word' id='word_1_672' title='bbox 1397 2287 1463 2321; x_wconf 90' lang='lat' dir='ltr'>sunt</span> <span class='ocrx_word' id='word_1_673' title='bbox 1470 2288 1663 2333; x_wconf 87' lang='lat' dir='ltr'>patrimonio,</span> <span class='ocrx_word' id='word_1_674' title='bbox 1690 2288 1762 2322; x_wconf 84' lang='lat' dir='ltr'>&amp;in</span> <span class='ocrx_word' id='word_1_675' title='bbox 1774 2287 1881 2334; x_wconf 85' lang='lat' dir='ltr'>quibus</span> <span class='ocrx_word' id='word_1_676' title='bbox 1890 2289 1941 2322; x_wconf 76' lang='lat' dir='ltr'>ali-</span> 
     </span>
     <span class='ocr_line' id='line_1_112' title="bbox 1204 2335 1939 2381; baseline 0.004 -14"><span class='ocrx_word' id='word_1_677' title='bbox 1204 2346 1266 2380; x_wconf 91' lang='lat' dir='ltr'>qua</span> <span class='ocrx_word' id='word_1_678' title='bbox 1284 2335 1467 2381; x_wconf 86' lang='lat' dir='ltr'>proprietate</span> <span class='ocrx_word' id='word_1_679' title='bbox 1477 2335 1597 2381; x_wconf 85' lang='lat' dir='ltr'>gaudet.</span> <span class='ocrx_word' id='word_1_680' title='bbox 1620 2337 1786 2371; x_wconf 72' lang='lat' dir='ltr'>censentur</span> <span class='ocrx_word' id='word_1_681' title='bbox 1796 2349 1899 2370; x_wconf 85' lang='lat' dir='ltr'>omnes</span> <span class='ocrx_word' id='word_1_682' title='bbox 1909 2337 1939 2370; x_wconf 90' lang='lat' dir='ltr'>in</span> 
     </span>
     <span class='ocr_line' id='line_1_113' title="bbox 1206 2383 1942 2433; baseline 0.005 -18"><span class='ocrx_word' id='word_1_683' title='bbox 1206 2395 1326 2429; x_wconf 86' lang='lat' dir='ltr'>quaque</span> <span class='ocrx_word' id='word_1_684' title='bbox 1335 2383 1406 2417; x_wconf 84' lang='lat' dir='ltr'>villa</span> <span class='ocrx_word' id='word_1_685' title='bbox 1419 2384 1603 2429; x_wconf 83' lang='lat' dir='ltr'>praediorum</span> <span class='ocrx_word' id='word_1_686' title='bbox 1616 2385 1732 2431; x_wconf 79' lang='lat' dir='ltr'>species,</span> <span class='ocrx_word' id='word_1_687' title='bbox 1741 2388 1772 2419; x_wconf 73' lang='grc' dir='ltr'>ὃ(</span> <span class='ocrx_word' id='word_1_688' title='bbox 1782 2386 1942 2433; x_wconf 80' lang='lat' dir='ltr'>quastunq3</span> 
     </span>
     <span class='ocr_line' id='line_1_114' title="bbox 1203 2430 1943 2479; baseline 0.005 -16"><span class='ocrx_word' id='word_1_689' title='bbox 1203 2430 1294 2464; x_wconf 88' lang='lat' dir='ltr'>habet</span> <span class='ocrx_word' id='word_1_690' title='bbox 1311 2431 1342 2463; x_wconf 87' lang='lat' dir='ltr'>in</span> <span class='ocrx_word' id='word_1_691' title='bbox 1359 2431 1464 2465; x_wconf 87' lang='lat' dir='ltr'>eadem</span> <span class='ocrx_word' id='word_1_692' title='bbox 1476 2432 1617 2465; x_wconf 88' lang='lat' dir='ltr'>dominus</span> <span class='ocrx_word' id='word_1_693' title='bbox 1636 2433 1684 2466; x_wconf 90' lang='lat' dir='ltr'>ille</span> <span class='ocrx_word' id='word_1_694' title='bbox 1698 2432 1943 2479; x_wconf 73' lang='lat' dir='ltr'>facultate3‚jt1x-</span> 
     </span>
     <span class='ocr_line' id='line_1_115' title="bbox 1203 2480 1939 2526; baseline 0.004 -15"><span class='ocrx_word' id='word_1_695' title='bbox 1203 2488 1234 2512; x_wconf 92' lang='lat' dir='ltr'>ta</span> <span class='ocrx_word' id='word_1_696' title='bbox 1252 2480 1509 2513; x_wconf 89' lang='lat' dir='ltr'>enumerationem</span> <span class='ocrx_word' id='word_1_697' title='bbox 1539 2480 1748 2525; x_wconf 60' lang='lat' dir='ltr'>supi-adieram.</span> <span class='ocrx_word' id='word_1_698' title='bbox 1798 2481 1939 2526; x_wconf 85' lang='lat' dir='ltr'>Exempli</span> 
     </span>
     <span class='ocr_line' id='line_1_116' title="bbox 1204 2527 1944 2574; baseline 0.003 -14"><span class='ocrx_word' id='word_1_699' title='bbox 1204 2527 1310 2572; x_wconf 87' lang='lat' dir='ltr'>gratia.</span> <span class='ocrx_word' id='word_1_700' title='bbox 1334 2528 1368 2560; x_wconf 94' lang='lat' dir='ltr'>In</span> <span class='ocrx_word' id='word_1_701' title='bbox 1381 2528 1477 2574; x_wconf 87' lang='lat' dir='ltr'>capite</span> <span class='ocrx_word' id='word_1_702' title='bbox 1493 2529 1613 2574; x_wconf 85' lang='lat' dir='ltr'>paginae</span> <span class='ocrx_word' id='word_1_703' title='bbox 1631 2527 1748 2562; x_wconf 69' lang='lat' dir='ltr'>storfim</span> <span class='ocrx_word' id='word_1_704' title='bbox 1766 2528 1944 2570; x_wconf 75' lang='lat' dir='ltr'>stribunmr,</span> 
     </span>
    </p>
   </div>
   <div class='ocr_carea' id='block_1_18' title="bbox 1206 2570 1953 3459">
    <p class='ocr_par' dir='ltr' id='par_1_22' title="bbox 1206 2570 1953 3459">
     <span class='ocr_line' id='line_1_117' title="bbox 1206 2570 1943 2625; baseline 0.001 -3"><span class='ocrx_word' id='word_1_705' title='bbox 1206 2570 1341 2622; x_wconf 74' lang='lat' dir='ltr'><strong>NOtf·</strong></span> <span class='ocrx_word' id='word_1_706' title='bbox 1397 2577 1515 2625; x_wconf 73' lang='lat' dir='ltr'>Rex.</span> <span class='ocrx_word' id='word_1_707' title='bbox 1598 2589 1635 2622; x_wconf 91' lang='lat' dir='ltr'>In</span> <span class='ocrx_word' id='word_1_708' title='bbox 1664 2588 1804 2623; x_wconf 86' lang='lat' dir='ltr'>columna</span> <span class='ocrx_word' id='word_1_709' title='bbox 1828 2589 1943 2623; x_wconf 85' lang='lat' dir='ltr'>subdita</span> 
     </span>
     <span class='ocr_line' id='line_1_118' title="bbox 1208 2641 1945 2708; baseline 0.001 -18"><span class='ocrx_word' id='word_1_710' title='bbox 1208 2643 1270 2690; x_wconf 92' lang='lat' dir='ltr'>H.</span> <span class='ocrx_word' id='word_1_711' title='bbox 1288 2641 1344 2690; x_wconf 90' lang='lat' dir='ltr'>de</span> <span class='ocrx_word' id='word_1_712' title='bbox 1368 2641 1581 2708; x_wconf 80' lang='lat' dir='ltr'>Galgow.</span> <span class='ocrx_word' id='word_1_713' title='bbox 1618 2647 1667 2691; x_wconf 89' lang='lat' dir='ltr'>In</span> <span class='ocrx_word' id='word_1_714' title='bbox 1699 2643 1945 2691; x_wconf 80' lang='lat' dir='ltr'>Facenham</span> 
     </span>
     <span class='ocr_line' id='line_1_119' title="bbox 1207 2709 1944 2777; baseline 0.003 -19"><span class='ocrx_word' id='word_1_715' title='bbox 1207 2710 1294 2758; x_wconf 89' lang='lat' dir='ltr'>ten’</span> <span class='ocrx_word' id='word_1_716' title='bbox 1330 2709 1516 2759; x_wconf 84' lang='lat' dir='ltr'>Herold’</span> <span class='ocrx_word' id='word_1_717' title='bbox 1530 2727 1561 2758; x_wconf 81' lang='lat' dir='ltr'>t.</span> <span class='ocrx_word' id='word_1_718' title='bbox 1579 2728 1614 2758; x_wconf 88' lang='lat' dir='ltr'>r.</span> <span class='ocrx_word' id='word_1_719' title='bbox 1632 2730 1670 2759; x_wconf 90' lang='lat' dir='ltr'>c.</span> <span class='ocrx_word' id='word_1_720' title='bbox 1687 2714 1730 2777; x_wconf 89' lang='lat' dir='ltr'>ij</span> <span class='ocrx_word' id='word_1_721' title='bbox 1750 2712 1835 2759; x_wconf 83' lang='lat' dir='ltr'>car&#39;</span> <span class='ocrx_word' id='word_1_722' title='bbox 1850 2711 1944 2760; x_wconf 88' lang='lat' dir='ltr'>ter&#39;.</span> 
     </span>
     <span class='ocr_line' id='line_1_120' title="bbox 1206 2776 1944 2846; baseline 0.004 -20"><span class='ocrx_word' id='word_1_723' title='bbox 1206 2776 1344 2843; x_wconf 85' lang='lat' dir='ltr'>semp.</span> <span class='ocrx_word' id='word_1_724' title='bbox 1367 2798 1412 2827; x_wconf 89' lang='lat' dir='ltr'>v.</span> <span class='ocrx_word' id='word_1_725' title='bbox 1432 2778 1526 2829; x_wconf 89' lang='lat' dir='ltr'>vill&#39;</span> <span class='ocrx_word' id='word_1_726' title='bbox 1562 2794 1581 2828; x_wconf 82' lang='lat'>]</span> <span class='ocrx_word' id='word_1_727' title='bbox 1601 2797 1675 2831; x_wconf 78' lang='lat' dir='ltr'>xx.</span> <span class='ocrx_word' id='word_1_728' title='bbox 1698 2779 1796 2828; x_wconf 88' lang='lat' dir='ltr'>bor’</span> <span class='ocrx_word' id='word_1_729' title='bbox 1819 2793 1838 2827; x_wconf 73' lang='lat' dir='ltr'>&#39;J</span> <span class='ocrx_word' id='word_1_730' title='bbox 1866 2781 1944 2846; x_wconf 87' lang='lat' dir='ltr'>iiij.</span> 
     </span>
     <span class='ocr_line' id='line_1_121' title="bbox 1206 2845 1948 2913; baseline 0 -18"><span class='ocrx_word' id='word_1_731' title='bbox 1206 2845 1315 2896; x_wconf 84' lang='lat' dir='ltr'>serv&#39;</span> <span class='ocrx_word' id='word_1_732' title='bbox 1343 2845 1478 2913; x_wconf 88' lang='lat' dir='ltr'>semp.</span> <span class='ocrx_word' id='word_1_733' title='bbox 1512 2850 1556 2896; x_wconf 88' lang='lat' dir='ltr'>in</span> <span class='ocrx_word' id='word_1_734' title='bbox 1596 2847 1720 2896; x_wconf 88' lang='lat' dir='ltr'>dmo’</span> <span class='ocrx_word' id='word_1_735' title='bbox 1752 2851 1798 2913; x_wconf 88' lang='lat' dir='ltr'>ij.</span> <span class='ocrx_word' id='word_1_736' title='bbox 1819 2849 1904 2896; x_wconf 85' lang='lat' dir='ltr'>car’</span> <span class='ocrx_word' id='word_1_737' title='bbox 1927 2876 1948 2910; x_wconf 63' lang='grc' dir='ltr'><strong><em>Ἰ</em></strong></span> 
     </span>
     <span class='ocr_line' id='line_1_122' title="bbox 1207 2914 1953 2983; baseline 0.001 -20"><span class='ocrx_word' id='word_1_738' title='bbox 1207 2914 1334 2964; x_wconf 85' lang='lat' dir='ltr'>hom.</span> <span class='ocrx_word' id='word_1_739' title='bbox 1351 2917 1533 2983; x_wconf 83' lang='lat' dir='ltr'>iiij.car’.</span> <span class='ocrx_word' id='word_1_740' title='bbox 1550 2916 1669 2965; x_wconf 81' lang='lat' dir='ltr'>Silva</span> <span class='ocrx_word' id='word_1_741' title='bbox 1683 2917 1738 2965; x_wconf 86' lang='lat' dir='ltr'>ad</span> <span class='ocrx_word' id='word_1_742' title='bbox 1754 2919 1830 2983; x_wconf 83' lang='lat' dir='ltr'>xij.</span> <span class='ocrx_word' id='word_1_743' title='bbox 1853 2917 1953 2979; x_wconf 38' lang='lat' dir='ltr'>por’„</span> 
     </span>
     <span class='ocr_line' id='line_1_123' title="bbox 1207 2983 1949 3052; baseline -0.001 -20"><span class='ocrx_word' id='word_1_744' title='bbox 1207 3001 1255 3033; x_wconf 90' lang='lat' dir='ltr'>v.</span> <span class='ocrx_word' id='word_1_745' title='bbox 1271 3002 1356 3034; x_wconf 86' lang='lat' dir='ltr'>aer.</span> <span class='ocrx_word' id='word_1_746' title='bbox 1372 2985 1468 3050; x_wconf 84' lang='lat' dir='ltr'>pra’</span> <span class='ocrx_word' id='word_1_747' title='bbox 1484 2987 1510 3032; x_wconf 92' lang='lat' dir='ltr'>ii</span> <span class='ocrx_word' id='word_1_748' title='bbox 1515 2984 1657 3052; x_wconf 86' lang='lat' dir='ltr'>j.mol’</span> <span class='ocrx_word' id='word_1_749' title='bbox 1673 2983 1949 3034; x_wconf 84' lang='lat' dir='ltr'>dimi.salina.</span> 
     </span>
     <span class='ocr_line' id='line_1_124' title="bbox 1208 3048 1947 3121; baseline -0.003 -20"><span class='ocrx_word' id='word_1_750' title='bbox 1208 3048 1359 3117; x_wconf 83' lang='lat' dir='ltr'>Semp.</span> <span class='ocrx_word' id='word_1_751' title='bbox 1380 3057 1442 3121; x_wconf 85' lang='lat' dir='ltr'>iij.</span> <span class='ocrx_word' id='word_1_752' title='bbox 1465 3054 1498 3101; x_wconf 82' lang='lat' dir='ltr'>r&#39;</span> <span class='ocrx_word' id='word_1_753' title='bbox 1514 3072 1533 3106; x_wconf 64' lang='lat' dir='ltr'>*J</span> <span class='ocrx_word' id='word_1_754' title='bbox 1550 3056 1687 3119; x_wconf 81' lang='lat' dir='ltr'>xxvij.</span> <span class='ocrx_word' id='word_1_755' title='bbox 1727 3072 1822 3116; x_wconf 87' lang='lat' dir='ltr'>por.</span> <span class='ocrx_word' id='word_1_756' title='bbox 1847 3067 1867 3100; x_wconf 74' lang='grc' dir='ltr'>Ἰ</span> <span class='ocrx_word' id='word_1_757' title='bbox 1885 3068 1947 3099; x_wconf 86' lang='lat' dir='ltr'>ce.</span> 
     </span>
     <span class='ocr_line' id='line_1_125' title="bbox 1207 3117 1952 3186; baseline -0.008 -17"><span class='ocrx_word' id='word_1_758' title='bbox 1207 3123 1295 3172; x_wconf 91' lang='lat' dir='ltr'>ov’·</span> <span class='ocrx_word' id='word_1_759' title='bbox 1316 3124 1434 3171; x_wconf 84' lang='lat' dir='ltr'>Huic</span> <span class='ocrx_word' id='word_1_760' title='bbox 1452 3124 1571 3170; x_wconf 86' lang='lat' dir='ltr'>man&#39;</span> <span class='ocrx_word' id='word_1_761' title='bbox 1586 3123 1772 3186; x_wconf 84' lang='lat' dir='ltr'>pertinet</span> <span class='ocrx_word' id='word_1_762' title='bbox 1788 3117 1952 3166; x_wconf 68' lang='lat' dir='ltr'>iberu-</span> 
     </span>
     <span class='ocr_line' id='line_1_126' title="bbox 1209 3187 1946 3254; baseline -0.001 -18"><span class='ocrx_word' id='word_1_763' title='bbox 1209 3191 1271 3238; x_wconf 84' lang='lat' dir='ltr'>ita</span> <span class='ocrx_word' id='word_1_764' title='bbox 1303 3190 1496 3254; x_wconf 88' lang='lat' dir='ltr'>Alatorp</span> <span class='ocrx_word' id='word_1_765' title='bbox 1526 3191 1583 3237; x_wconf 89' lang='lat' dir='ltr'>de</span> <span class='ocrx_word' id='word_1_766' title='bbox 1600 3193 1627 3234; x_wconf 65' lang='lat' dir='ltr'>1&#39;n</span> <span class='ocrx_word' id='word_1_767' title='bbox 1650 3188 1735 3234; x_wconf 78' lang='lat' dir='ltr'>car’</span> <span class='ocrx_word' id='word_1_768' title='bbox 1755 3187 1946 3247; x_wconf 85' lang='lat' dir='ltr'>ter’,&amp;c.</span> 
     </span>
     <span class='ocr_line' id='line_1_127' title="bbox 1210 3254 1949 3325; baseline -0.001 -20"><span class='ocrx_word' id='word_1_769' title='bbox 1210 3271 1321 3306; x_wconf 54' lang='lat' dir='ltr'>In&#39;fine.</span> <span class='ocrx_word' id='word_1_770' title='bbox 1354 3257 1606 3325; x_wconf 83' lang='lat' dir='ltr'>Fagenharn</span> <span class='ocrx_word' id='word_1_771' title='bbox 1620 3254 1709 3302; x_wconf 84' lang='lat' dir='ltr'>het’</span> <span class='ocrx_word' id='word_1_772' title='bbox 1725 3257 1801 3321; x_wconf 88' lang='lat' dir='ltr'>vij.</span> <span class='ocrx_word' id='word_1_773' title='bbox 1823 3256 1949 3318; x_wconf 81' lang='lat' dir='ltr'>quar’</span> 
     </span>
     <span class='ocr_line' id='line_1_128' title="bbox 1209 3323 1953 3391; baseline -0.008 -17"><span class='ocrx_word' id='word_1_774' title='bbox 1209 3329 1255 3374; x_wconf 90' lang='lat' dir='ltr'>in</span> <span class='ocrx_word' id='word_1_775' title='bbox 1280 3325 1405 3391; x_wconf 86' lang='lat' dir='ltr'>long.</span> <span class='ocrx_word' id='word_1_776' title='bbox 1446 3338 1466 3372; x_wconf 78' lang='grc' dir='ltr'><strong><em>Ἰ</em></strong></span> <span class='ocrx_word' id='word_1_777' title='bbox 1512 3324 1635 3372; x_wconf 84' lang='lat' dir='ltr'>dimi.</span> <span class='ocrx_word' id='word_1_778' title='bbox 1651 3324 1697 3371; x_wconf 88' lang='lat' dir='ltr'>in</span> <span class='ocrx_word' id='word_1_779' title='bbox 1733 3323 1810 3371; x_wconf 87' lang='lat' dir='ltr'>lat.</span> <span class='ocrx_word' id='word_1_780' title='bbox 1836 3337 1856 3370; x_wconf 81' lang='lat' dir='ltr'>‘J</span> <span class='ocrx_word' id='word_1_781' title='bbox 1874 3324 1953 3387; x_wconf 85' lang='lat' dir='ltr'>xij.</span> 
     </span>
     <span class='ocr_line' id='line_1_129' title="bbox 1209 3391 1953 3459; baseline -0.003 -32"><span class='ocrx_word' id='word_1_782' title='bbox 1209 3393 1253 3443; x_wconf 75' lang='lat' dir='ltr'>d&#39;</span> <span class='ocrx_word' id='word_1_783' title='bbox 1279 3396 1325 3444; x_wconf 76' lang='lat' dir='ltr'>in</span> <span class='ocrx_word' id='word_1_784' title='bbox 1359 3391 1451 3459; x_wconf 66' lang='lat' dir='ltr'>gest</span> <span class='ocrx_word' id='word_1_785' title='bbox 1467 3410 1487 3442; x_wconf 44' lang='grc' dir='ltr'>ζ</span> <span class='ocrx_word' id='word_1_786' title='bbox 1516 3392 1611 3434; x_wconf 86' lang='lat' dir='ltr'>Quod</span> <span class='ocrx_word' id='word_1_787' title='bbox 1636 3392 1676 3428; x_wconf 76' lang='lat' dir='ltr'>sic</span> <span class='ocrx_word' id='word_1_788' title='bbox 1710 3393 1871 3441; x_wconf 83' lang='lat' dir='ltr'>legendum</span> <span class='ocrx_word' id='word_1_789' title='bbox 1902 3391 1953 3426; x_wconf 80' lang='lat' dir='ltr'>est.</span> 
     </span>
    </p>
   </div>
   <div class='ocr_carea' id='block_1_19' title="bbox 1916 3456 1951 3489">
    <p class='ocr_par' dir='ltr' id='par_1_23' title="bbox 1916 3456 1951 3489">
     <span class='ocr_line' id='line_1_130' title="bbox 1916 3456 1951 3489; baseline 0.029 -1"><span class='ocrx_word' id='word_1_790' title='bbox 1916 3456 1951 3489; x_wconf 84' lang='lat' dir='ltr'>In</span> 
     </span>
    </p>
   </div>
   <div class='ocr_carea' id='block_1_20' title="bbox 2249 823 2263 1338">
    <p class='ocr_par' dir='ltr' id='par_1_24' title="bbox 2249 823 2263 1338">
     <span class='ocr_line' id='line_1_131' title="bbox 2249 823 2263 1338; baseline 0 0"><span class='ocrx_word' id='word_1_791' title='bbox 2249 823 2263 1338; x_wconf 95' lang='lat' dir='ltr'> </span> 
     </span>
    </p>
   </div>
   <div class='ocr_carea' id='block_1_21' title="bbox 2205 18 2305 3537">
    <p class='ocr_par' dir='ltr' id='par_1_25' title="bbox 2205 18 2305 3537">
     <span class='ocr_line' id='line_1_132' title="bbox 2205 18 2305 3537; baseline 0 0"><span class='ocrx_word' id='word_1_792' title='bbox 2205 18 2305 3537; x_wconf 95' lang='lat' dir='ltr'> </span> 
     </span>
    </p>
   </div>
  </div>
 </body>
</html>
