2305 3809
262 226 349 288 44

190 3331 205 3348 *
222 3332 310 3365 rorte,
321 3327 371 3357 illi.

908 193 1118 257 Henricz'
1157 191 1436 276 spelmanni

458 331 615 364 Praeterea.
632 327 779 362 Dubitare
798 333 918 356 mecum
935 318 1152 358 videor,annon

411 379 509 419 Abba,
532 378 602 411 alias
619 376 691 409 olim
709 374 855 407 diceretur
870 381 926 415 pro
953 366 1076 401 seniore
1093 363 1153 398 five

412 427 548 472 Principe
566 424 702 470 regionis
751 421 838 454 Nam
869 418 898 451 in
925 414 1028 450 codice
1045 416 1154 446 Landa-

412 479 494 516 venfis
508 472 643 507 Eccleliae
656 469 832 518 perantique
852 466 901 500 M.
913 465 941 497 S.
955 461 993 496 fic
1009 461 1047 495 de
1059 461 1088 494 S.
1100 466 1154 494 Ca-

411 526 468 556 dmcz‘
487 521 592 567 insigni
619 515 850 562 eleemosynario
867 512 1002 558 legimus.
1049 512 1154 542 Cotidse

405 572 512 616 pascens
528 582 633 603 centum
649 571 762 605 clericos,
784 562 819 598 &
843 573 948 594 centum
972 561 1073 592 milites
1086 583 1097 599 ,
1120 555 1154 591 &

409 631 514 651 centum
532 623 670 662 operarios,
692 612 847 656 centu'mque
858 620 984 655 pauperes
1001 620 1060 640 cum
1091 607 1156 649 ejus2

410 670 471 699 dvm
486 671 589 698 numeri
606 666 704 696 viduis.
752 660 814 694 Hic
833 669 973 692 numerus
986 665 1050 689 erat
1065 652 1154 688 faml-

409 714 468 754 lioe,
491 712 620 758 exceptis
647 709 796 750 ministris,
819 704 1011 742 servientibus
1023 729 1033 745 ,
1050 707 1082 737 &
1099 709 1155 737 Ar-

410 767 520 807 migerz's
533 763 565 793 &
581 759 703 793 advenis
722 771 732 801 3
754 755 915 803 hospitibus
941 765 1062 801 quoque
1079 765 1155 799 quo-

410 822 478 842 rum
492 821 635 842 numerus
651 817 715 841 erat
727 807 864 845 incertus,
888 807 919 837 &
933 813 1064 849 quorum
1077 799 1154 833 mul-

408 857 506 891 titudo
524 857 562 890 ad
584 869 655 890 eum
673 855 779 889 crebro
796 852 943 887 veniebat.
1008 850 1078 883 Nec
1098 849 1154 882 mi-

408 918 477 939 rum
490 905 572 952 quod
583 904 725 951 locuples,
747 902 857 937 multos
885 899 984 935 alebat
1000 912 1006 931 :
1051 896 1154 931 Abbas

408 955 491 988 enim
503 964 576 995 erat,
606 957 637 987 ὅ(
667 953 806 998 Princeps
818 950 902 996 super
918 949 1049 981 Gunliam
1062 972 1073 988 ,
1094 946 1154 980 hoc

409 1002 453 1036 est
466 1003 596 1049 regionis
606 1002 738 1035 Cambriae
751 999 768 1033 a
780 1002 892 1033 Gnnleio
905 998 993 1041 Rege
1014 1005 1099 1041 patre
1123 1006 1154 1027 e-

404 1049 521 1096 jusdem
538 1054 647 1092 eadm,
661 1049 698 1084 fic
711 1048 758 1094 (ut
774 1049 861 1095 lupra
873 1042 968 1092 patet)
979 1043 1153 1078 denomina-

411 1109 450 1133 ta.

411 1200 459 1229 Ex
473 1199 575 1231 Charta
595 1198 710 1231 Abbatis
737 1197 768 1228 de
795 1192 889 1234 Bello,
913 1193 1032 1239 quadam
1054 1196 1153 1234 species

603 1246 836 1292 Armigerorum
848 1246 953 1286 constat.

502 1341 629 1375 Mnibus
640 1341 753 1376 Christi
766 1336 967 1380 fidelibus‚&c.
992 1339 1154 1371 WLlielmus

523 1390 709 1436 permistione
725 1386 827 1423 divina
846 1387 948 1422 Abbas
972 1384 1154 1421 Monasterli

408 1440 438 1473 S.
447 1443 607 1472 hortanae
625 1443 706 1480 Balla,
717 1442 749 1472 &
762 1436 954 1483 ejustlemloci
967 1436 1155 1476 Conventus,

407 1488 541 1521 talutem.
587 1488 721 1522 Noverit
736 1484 907 1520 universitas
916 1483 1015 1518 vestra
1025 1495 1078 1517 nos
1091 1482 1155 1516 Ab-

409 1536 512 1569 batem
529 1537 669 1569 &Conv.
686 1534 901 1574 antedictosfix
919 1532 1035 1578 speciali
1054 1529 1154 1564 nostra

408 1587 439 1617 ὃς
454 1581 586 1629 gratuita
597 1578 932 1620 be11ev01e11tifi‚dediffe
944 1583 976 1612 ὃ(
989 1577 1155 1611 ςοηςείῖἰῧὲ

407 1631 581 1679 praedilecslo
601 1636 741 1676 Anmgero
759 1627 861 1662 nostro
880 1632 987 1672 Hugoni
1003 1632 1133 1659 Fraunces
1145 1651 1155 1666 ,

408 1692 466 1726 pro
482 1679 537 1713 suis
554 1678 748 1712 laudabilibus
756 1675 893 1715 serviciis,
901 1673 986 1707 nobis
1002 1685 1038 1706 ac
1050 1673 1155 1706 nostris

406 1727 537 1774 negotiis
548 1725 726 1773 impenfis,&
733 1723 928 1771 imposterum
941 1721 1156 1768 impendendis,

409 1782 491 1811 vaz'
504 1789 524 1809 s.
537 1779 569 1809 δε
587 1781 642 1808 viii
654 1774 682 1808 d.
695 1773 916 1819 sterlingorum,
940 1770 978 1804 ad
990 1769 1113 1804 Festum
1126 1770 1155 1803 S.

411 1827 557 1858 Michaelis
570 1821 751 1867 Archangeli
764 1825 796 1855 ὃς
816 1819 1031 1864 Pafthae,aequis
1042 1819 1156 1864 portio-

409 1873 507 1913 nibus,
524 1872 650 1905 durante
666 1871 795 1904 termino
812 1869 884 1903 vitae
894 1868 962 1908 luae,
980 1866 998 1900 a
1011 1866 1096 1900 nobis
1122 1870 1155 1901 δε

408 1919 615 1957 successoribus
632 1919 738 1954 nostris
753 1917 909 1952 annuatim
925 1915 1131 1962 percipiendos
1148 1928 1156 1949 :

408 1983 444 2004 ac
453 1970 545 2004 etiam
554 1969 747 2003 liberaturam
765 1966 909 2006 nostram,
930 1965 968 1998 de
998 1962 1077 1998 ίὲξὶᾶ
1100 1972 1156 1997 Ar-

407 2025 568 2066 ngerorum
587 2017 770 2057 nostrorum,
792 2014 929 2063 quotiens
947 2026 1002 2046 nos
1014 2012 1155 2047 liberatu-

408 2079 475 2102 ram
483 2066 655 2114 generalem
662 2066 734 2099 dare
745 2063 912 2109 contigerit.
954 2061 1155 2095 concedimus

407 2117 501 2150 etiam
530 2114 630 2148 eidem
655 2119 763 2160 Hugom'
782 2118 912 2147 Fraunces
930 2123 1023 2144 unam
1045 2111 1156 2144 Came-

407 2177 474 2198 ram
492 2173 725 2209 competentem,
748 2159 825 2195 infla
839 2158 1061 2194 Monasterium
1079 2172 1156 2205 prae-

407 2213 583 2253 diCttun,ad
597 2212 681 2246 usum
691 2209 819 2255 ejusdem
840 2209 1056 2256 pertinentem:
1088 2220 1156 2242 nec-

406 2274 470 2295 non
481 2260 616 2294 tabulam
628 2260 721 2301 suam,
733 2257 810 2293 infra
827 2257 907 2291 idem
921 2255 1156 2299 Monasterium,

407 2310 439 2344 in
457 2307 524 2343 aula
539 2306 651 2350 nostra,
665 2318 755 2356 prout
771 2307 858 2341 alicui
876 2311 1075 2351 Arngerorum
1102 2318 1155 2339 no-

408 2357 539 2393 strorum
551 2357 663 2391 ibidem
682 2356 854 2396 deservitur,
876 2355 924 2389 seu
950 2353 1129 2387 deservietur
1145 2381 1156 2397 ‚

409 2406 484 2440 dum
497 2416 599 2440 tamen
616 2405 696 2439 idem
707 2411 783 2451 Hugo
795 2409 937 2438 Fraunceis
953 2402 1038 2436 nobis
1050 2405 1081 2436 &
1095 2402 1156 2436 suc-

409 2453 567 2488 cefforibus
588 2453 694 2487 nostris
711 2479 721 2494 ,
745 2454 830 2487 luum
852 2464 1023 2497 congruum
1041 2451 1156 2485 servici-

410 2515 474 2543 um,
498 2502 599 2536 medio
611 2512 758 2547 tempore,
774 2501 908 2548 corporis
924 2501 966 2534 fiii
982 2499 1156 2534 valetudine

408 2551 546 2590 durante,
562 2550 679 2583 realiter
696 2550 844 2584 exhibeat.
894 2551 927 2583 In
939 2560 1069 2595 quorum
1089 2561 1155 2583 om-

407 2600 494 2633 nium
506 2598 709 2632 testimonium
722 2597 826 2644 Sigilla
843 2597 942 2632 nostra
965 2596 1156 2643 praesentibus

406 2649 472 2682 lunt
486 2647 620 2693 appensa.

456 2698 573 2731 Datum
588 2694 670 2741 apud
684 2698 797 2734 Bellum,
821 2694 851 2727 in
868 2693 962 2727 domo
979 2690 1078 2726 nostra
1095 2694 1155 2727 Ca-

406 2744 527 2791 pitulari
540 2745 592 2777 xvi
605 2744 653 2777 die
665 2741 772 2776 menfis
790 2742 961 2782 Maii,anno
977 2741 1080 2787 Regni
1095 2742 1155 2775 Re-

406 2794 452 2839 gis
465 2794 561 2827 Henr.
573 2791 671 2839 quarti
688 2790 754 2837 post
772 2789 978 2837 conquestum,
994 2789 1083 2822 viEx
1101 2792 1155 2824 cod.

407 2847 450 2874 M.
463 2847 489 2875 S.
502 2844 656 2885 Romalium
683 2839 717 2875 &
742 2841 961 2881 szfitetudinmn
989 2841 1104 2880 Monast.
1123 2841 1156 2871 de

408 2894 485 2923 Bello.
503 2889 524 2924 f.
539 2902 625 2936 290,
643 2893 674 2922 &
687 2901 771 2935 291.

456 2934 479 2981 ff
504 2935 713 2982 Armij‘cara]
739 2935 831 2982 Epist.
852 2933 1008 2980 Synodalis
1030 2932 1083 2968 sub
1100 2946 1156 2967 no-

410 2985 491 3019 mine
508 2987 611 3018 Caroli
628 2987 704 3018 Rad
716 2985 875 3031 Episcopos
885 2987 917 3018 &
929 2982 1064 3017 Comites
1080 2982 1156 3016 Gal-

411 3033 466 3067 liae.
484 3032 580 3066 Tom.
604 3033 720 3065 Concil.
737 3046 764 3076 ζ.
802 3038 833 3066 Si
864 3036 951 3078 aliqui
974 3037 1156 3072 itinerantes,

412 3083 587 3125 depraedantes
617 3078 651 3113 &
671 3091 801 3123 rapzentes
814 3092 862 3123 per
893 3087 1014 3127 Regnum
1039 3082 1156 3120 nostrum

402 3134 521 3170 ficerint,
543 3129 577 3163 &³
614 3128 732 3173 Eplsttffl
749 3128 798 3166 seu
816 3131 931 3159 Comites
952 3132 997 3159 hoc
1016 3130 1156 3161 emendare

411 3191 461 3210 non
468 3183 608 3222 poterint3
632 3189 714 3220 quam
732 3174 812 3207 ertias
825 3178 920 3218 pffnt
938 3198 948 3214 ,
975 3176 1048 3206 nobis
1065 3187 1156 3208 notum

405 3230 498 3267 facere
512 3237 604 3258 curent
623 3236 674 3267 ,ut
684 3224 824 3266 subeamus
831 3224 894 3267 z'pfhs
910 3224 1094 3266 depraedatm·es
1105 3232 1156 3265 per

411 3277 521 3307 eandem
532 3279 608 3306 viam
626 3286 685 3304 cum
703 3272 785 3312 Mzffi
805 3273 887 3312 nostro
915 3273 1001 3303 redire
1012 3295 1022 3310 ,
1045 3268 1080 3303 &
1110 3272 1156 3301 iffa

413 3337 503 3356 omnm
520 3336 577 3368 quae
593 3319 612 3339 '⁸‘
629 3323 680 3353 alii
692 3329 811 3364 egerunt,
822 3321 943 3362 legaliter
961 3320 1109 3358 emendare,
1120 3315 1155 3350 ὅ

413 3376 492 3405 talem
511 3371 694 3411 armiscaram,
708 3371 780 3408 ficut
795 3367 814 3399 a*
849 3367 921 3399 nobis
930 3368 1029 3409 juffitm
1045 3370 1156 3406 fuerit,

413 3432 460 3453 aut
470 3422 615 3465 judicium,
628 3421 698 3459 ficut
727 3429 787 3449 cum
798 3416 921 3456 fidelibus
938 3417 1030 3459 nestris
1046 3416 1157 3456 confide-

1200 322 1321 350 ravimus
1325 317 1463 359 fiestinere.
1512 314 1643 361 Capitul.
1664 315 1714 350 lib.
1736 328 1766 361 ς.
1792 317 1870 350 Can.
1888 326 1950 361 43:

1201 371 1245 398 De
1263 367 1305 398 his
1322 369 1432 411 quisine
1448 365 1563 406 consensit
1580 364 1711 409 Epifiopi,
1740 365 1903 405 Presbyteros
1915 370 1949 397 in

1202 415 1384 455 Ecclestisffiz's
1392 416 1563 457 constituunt,
1585 415 1630 445 vel
1646 414 1678 445 de
1691 414 1811 452 Ecclcszis
1827 418 1950 456 ejiciunt,

1201 458 1237 492 &
1262 462 1295 492 ab
1328 462 1527 507 Episcopo‚.vel
1558 461 1673 506 quolibet
1695 460 1777 502 Mtffi)
1808 464 1950 494 Dominico‘

1203 509 1336 540 admoniti
1353 511 1455 543 obedire
1471 513 1623 551 noluerint,
1764 511 1803 542 ad
1813 512 1949 554 palatium

1202 558 1318 597 nostrum
1334 569 1426 589 ventre
1435 559 1580 599 jubeantur
1589 574 1597 590 .-
1607 556 1641 592 &
1650 569 1713 591 tunc
1721 571 1766 590 nos
1776 559 1952 599 decernemus,

1203 615 1294 637 utrum
1310 605 1385 637 nobis
1395 607 1514 649 placeat,
1535 618 1566 639 ut
1589 618 1637 640 aut
1646 609 1721 640 illum
1731 607 1847 639 bannum
1854 608 1954 652 persol—

1204 664 1264 693 ναι,
1287 665 1336 686 aut
1364 656 1450 686 aliam
1471 654 1644 694 armiscaram
1666 656 1805 698 fitstineat.
1864 655 1952 690 Idem

1206 700 1308 734 Addit.
1325 700 1425 735 Ludo.
1443 713 1507 747 par.
1523 711 1558 746 4.
1569 713 1632 745 cap.
1648 714 1667 746 7
1678 715 1705 736 1.
1729 703 1811 737 Vide
1837 708 1927 738 Scara.

1252 746 1277 794 J
1300 746 1467 796 Arpennis.
1484 747 1501 794 ]
1539 750 1581 783 Et
1596 746 1743 795 frequent.
1760 751 1792 784 in
1809 750 1952 786 Domesd.

1205 802 1356 842 Arpennus,
1379 801 1529 845 Arpendus,
1551 801 1584 832 δί
1602 804 1713 843 Arpent.
1760 799 1797 831 In
1813 799 1870 846 leg.
1883 800 1951 834 Bai·

1204 856 1277 880 war.
1326 846 1394 880 Tit.
1413 859 1440 881 1.
1461 859 1525 892 cap.
1547 855 1601 891 14.
1614 842 1642 890 §.
1657 859 1688 880 2.
1711 852 1867 891 Arpentum.
1916 849 1953 882 In

1204 894 1307 928 Form.
1320 894 1418 930 Solen.
1446 908 1504 942 79.
1527 901 1691 941 Arpennum.
1739 895 1774 928 In
1786 893 1955 930 Gloffvett.

1204 946 1377 988 Arpendium.
1426 943 1520 990 Apud
1546 942 1693 977 Ifidorum
1711 949 1868 989 Arapennis.
1910 946 1954 978 A-

1204 991 1267 1036 pud
1288 991 1492 1026 Columellam
1512 998 1665 1037 Arepennis.
1712 992 1747 1026 In
1768 993 1826 1040 leg.
1854 993 1955 1027 Wise-

1204 1049 1268 1085 got.
1281 1039 1331 1074 lib.
1346 1040 1465 1085 8.tit.4.
1478 1053 1542 1087 cap.
1559 1053 1616 1087 25.
1640 1047 1792 1086 Aripennis.
1841 1041 1876 1075 In
1890 1054 1956 1077 mo-

1204 1089 1355 1122 numentis
1383 1090 1412 1122 S.
1439 1088 1588 1123 Germani
1603 1088 1754 1131 fileCI‘fiS,
1777 1094 1956 1135 Aripennum.

1202 1136 1354 1182 Scaligero
1369 1142 1566 1182 Arvtpennium
1582 1137 1633 1171 Vel
1649 1141 1852 1184 Arvipendium.
1880 1140 1956 1174 Gal-

1204 1184 1270 1227 lice,
1293 1196 1386 1233 arpen,
1409 1198 1513 1232 arpent,
1537 1188 1698 1231 &harpenn
1746 1188 1890 1222 Mensura
1912 1188 1955 1223 est

1205 1235 1324 1280 agraria
1343 1248 1437 1282 quam
1453 1234 1503 1269 alii
1518 1233 1663 1281 jugerum
1686 1233 1736 1269 vel
1756 1247 1858 1270 acram
1871 1261 1882 1278 ,
1904 1236 1956 1271 alii

1204 1281 1333 1317 stadium
1341 1293 1460 1318 vocant.

1253 1332 1369 1372 Quoad
1382 1343 1507 1380 etymon
1524 1330 1651 1369 Ifidorus
1682 1331 1730 1378 (ut
1741 1331 1790 1367 hic
1803 1330 1894 1376 infra)
1917 1332 1958 1367 ab

1205 1381 1319 1415 arando
1336 1380 1421 1416 dixit.
1482 1381 1617 1428 Scaliger
1629 1390 1732 1415 autem
1744 1381 1776 1415 in
1790 1381 1871 1415 Diris
1891 1382 1957 1416 Va-

1205 1428 1270 1463 lerii
1283 1430 1419 1471 Catonis,
1441 1433 1598 1476 arpendium
1624 1444 1650 1476 q.
1676 1436 1883 1475 arw'pennzum,
1906 1429 1956 1465 vel

1205 1481 1391 1524 arvipendium
1406 1494 1414 1510 :
1438 1478 1521 1525 quod
1544 1476 1650 1513 funem
1667 1476 1753 1513 fuiffe
1772 1476 1870 1513 asserit
1892 1491 1956 1526 quo

1205 1527 1273 1572 agri
1289 1527 1498 1561 metiebantur.
1546 1527 1604 1560 Sed
1614 1527 1759 1561 Latinam
1770 1525 1829 1561 effe
1845 1539 1955 1562 vocem

1204 1587 1267 1608 non
1293 1575 1427 1620 agnostit
1448 1574 1634 1609 Columella:
1658 1575 1722 1609 imo
1740 1574 1833 1621 rejicit
1849 1600 1860 1617 ,
1882 1588 1955 1610 cum

1205 1621 1285 1655 dicat
1301 1621 1350 1655 lib.
1364 1634 1393 1667 ς.
1406 1623 1448 1655 rei
1466 1623 1535 1656 rust.
1544 1636 1569 1656 c.
1588 1636 1616 1657 1.
1643 1626 1729 1658 Gallos
1751 1622 1828 1667 (non
1841 1625 1957 1658 Roma-

1205 1671 1271 1706 nos)
1284 1672 1478 1715 semijugerum
1506 1682 1661 1716 arepennem
1695 1674 1802 1712 vocaffi.
1868 1672 1959 1706 Prisci

1205 1717 1285 1750 certe
1296 1717 1448 1758 vocabuli,
1471 1717 1553 1762 cujus
1564 1727 1736 1751 maternum
1748 1718 1861 1753 idioma
1873 1719 1916 1764 (h.
1929 1733 1957 1755 e.

1206 1765 1361 1799 Gallicum
1370 1763 1543 1812 antiquum)
1569 1775 1639 1798 ante
1651 1765 1760 1799 multas
1771 1765 1836 1811 jam
1853 1778 1958 1803 aetates

1206 1814 1349 1855 exolevit,
1369 1812 1464 1847 facilis
1481 1826 1543 1847 non
1570 1813 1614 1847 est
1641 1813 1823 1848 enucleatio:
1860 1813 1956 1863 eaque

1206 1862 1300 1908 igitur
1315 1859 1434 1903 omissa,
1456 1860 1494 1895 de
1512 1860 1683 1908 significatis
1691 1861 1835 1904 dicemus,
1858 1864 1957 1898 Gallis

1205 1910 1305 1944 adhuc
1322 1908 1548 1957 frequentibus,
1571 1910 1620 1945 sed
1640 1910 1722 1957 apud
1734 1911 1862 1957 Anglos,
1883 1924 1957 1947 cum

1205 1959 1422 1993 Normannicis
1444 1958 1551 1993 nostris
1573 1958 1735 2005 majoribus
1757 1959 1832 1994 olim
1851 1959 1959 2007 stipitis.

1205 2007 1379 2042 Columella
1403 2006 1451 2052 (ut
1468 2005 1563 2051 vides)
1587 2006 1800 2054 semijugerum
1822 2010 1956 2054 exponit.

1205 2055 1320 2090 Glofiae
1338 2066 1411 2090 vett.
1429 2060 1584 2102 arpendium
1608 2054 1787 2104 (inquiunt)
1810 2056 1953 2103 wA59&‚

1206 2105 1331 2147 σλὲθρρν
1359 2116 1463 2139 autem
1478 2105 1521 2139 est
1529 2104 1675 2151 jugerum
1686 2105 1852 2153 integrum,
1871 2106 1956 2154 quod

1206 2154 1415 2199 Hieronymus
1431 2153 1670 2188 Mathematicus
1680 2152 1816 2188 ducentis
1830 2155 1958 2201 pedibus

1205 2202 1352 2236 contineri
1379 2202 1500 2244 scribit,
1538 2202 1588 2236 alii
1617 2202 1754 2237 centenis.
1827 2201 1957 2238 Isidorus

1205 2250 1244 2284 de
1258 2251 1385 2286 mensur.
1398 2263 1567 2298 agrorum,
1600 2255 1683 2285 AHus
1719 2249 1860 2298 (inquit)
1889 2265 1957 2297 qua·

1204 2302 1230 2332 dr
1237 2311 1308 2341 atus,
1329 2303 1444 2346 undique
1454 2302 1555 2340 finitur
1578 2312 1591 2334 1
1602 2312 1649 2334 20
1662 2300 1786 2346 pedibus,
1797 2302 1866 2333 hunc
1878 2304 1957 2334 Beti-

1205 2354 1232 2381 ci
1250 2360 1409 2395 azapennem
1426 2351 1519 2382 dicunt
1537 2364 1545 2381 .·
1570 2349 1604 2381 ab
1616 2350 1714 2382 arando
1723 2350 1784 2389 scil.
1811 2348 1954 2384 Domesd.

1205 2395 1281 2432 liber
1304 2397 1351 2442 (ut
1363 2396 1541 2445 quibusdam
1561 2396 1694 2436 videtur)
1716 2397 1767 2431 fila
1795 2394 1888 2431 refert
1901 2406 1957 2431 vo—

1205 2445 1336 2487 cabula,
1358 2452 1532 2491 Arpennum‚
1555 2448 1709 2489 Arpendum
1727 2469 1738 2485 ‚
1761 2447 1795 2477 &
1821 2451 1930 2490 Arpenz
1944 2471 1955 2486 ‚

1206 2506 1269 2528 non
1290 2494 1330 2528 ad
1343 2493 1513 2528 mensuram
1529 2492 1572 2528 rei
1586 2492 1635 2526 vel
1648 2491 1717 2534 loci,
1739 2491 1788 2525 sed
1813 2492 1852 2526 ad
1870 2491 1955 2526 habi-

1206 2552 1290 2576 tum:
1313 2555 1369 2577 nec
1403 2542 1435 2576 in
1465 2541 1529 2576 aliis
1564 2541 1659 2574 utitur
1679 2538 1772 2588 quam
1797 2539 1829 2573 in
1853 2540 1953 2575 vinea-

1207 2603 1275 2625 rum
1290 2616 1301 2633 ,
1323 2600 1493 2638 pratorum,
1516 2588 1657 2624 filvarum
1672 2592 1746 2631 (non
1765 2588 1954 2635 pascuorum,

1207 2639 1395 2674 ten-ariimve
1404 2638 1576 2677 arabilium)
1599 2636 1873 2672 mensurationibus.
1885 2638 1956 2672 Nec

1206 2687 1292 2722 aliter
1306 2688 1445 2735 equidem
1477 2687 1577 2721 adhuc
1601 2686 1705 2720 inveni
1725 2685 1806 2733 apud
1821 2685 1955 2720 exoticos

1205 2746 1329 2771 veteres.
1376 2735 1608 2771 Domeffl.Titt.
1620 2733 1798 2769 Middlerex.
1818 2734 1847 2768 S.
1863 2734 1953 2768 Peter

1206 2784 1339 2819 Westm.
1362 2786 1494 2830 Qeamor
1519 2789 1630 2830 arpenni
1653 2789 1738 2817 vineae
1754 2788 1859 2816 noviter
1870 2785 1956 2828 plan·

1203 2845 1279 2867 tatae.
1302 2834 1411 2867 Grant.
1425 2833 1493 2879 Ely.
1515 2834 1621 2874 Ibitres,
1643 2833 1753 2877 arpendi
1760 2836 1853 2865 vineae.
1869 2829 1952 2865 Titt.

1205 2880 1337 2915 Exceffa.
1369 2882 1482 2915 Swenis
1508 2880 1546 2915 de
1576 2878 1695 2915 Effaffa.
1732 2878 1891 2913 Hundred.
1914 2879 1953 2912 de

1206 2928 1372 2964 Rochford.
1405 2929 1571 2976 Raganeia.
1606 2932 1688 2962 'Unus
1707 2939 1805 2974 parcus
1845 2927 1880 2961 ἔθ’
1897 2929 1954 2969 fix

1204 2984 1317 3024 arpenni
1339 2984 1423 3011 vineae
1447 2978 1482 3014 &
1515 2980 1604 3010 reddit
1637 2989 1685 3011 20
1724 2979 1822 3010 modios
1848 2980 1910 3008 vini
1924 2978 1957 3015 st

1204 3028 1269 3060 bene
1286 3029 1414 3073 procedit.
1436 3026 1506 3061 Tit.
1524 3025 1616 3059 Wilt.
1640 3024 1774 3071 Buberg.
1809 3030 1834 3057 ii
1852 3033 1951 3067 arpenz

1198 3082 1289 3121 prati,
1311 3081 1349 3109 iii
1373 3086 1467 3121 arpens-
1485 3077 1562 3116 stlvae
1579 3073 1757 3115 servientium
1785 3074 1874 3115 Regis.
1921 3070 1950 3103 E

1205 3123 1313 3171 quibus
1327 3148 1338 3165 ,
1361 3123 1511 3158 Arthurus
1535 3121 1641 3168 Agard
1662 3117 1837 3158 (venerandi
1864 3115 1951 3162 hujuS

1206 3173 1398 3206 monumenti
1421 3170 1517 3206 custos
1530 3195 1541 3211 ,
1576 3171 1608 3201 ὃ(
1633 3166 1666 3200 in
1692 3178 1741 3207 eo,
1764 3163 1950 3212 archivffilue

1207 3220 1312 3265 Regiis
1325 3218 1465 3254 verlatiff.
1477 3219 1490 3258 )
1512 3228 1567 3264 per
1575 3220 1715 3249 vinearum
1726 3224 1862 3259 arpennos,
1878 3213 1949 3248 hor·-

1206 3276 1253 3299 tos
1265 3266 1421 3312 intelligit:
1445 3266 1585 3301 filvarurn
1615 3272 1738 3304 autem,
1773 3268 1906 3309 cqppices‚
1930 3263 1950 3297 i.

1205 3313 1290 3348 silvas
1297 3315 1420 3349 caeduas.
1467 3313 1526 3349 Sed
1537 3311 1646 3347 addam
1652 3321 1723 3357 quae
1736 3309 1775 3344 de
1787 3311 1948 3357 arpennibus

1205 3362 1327 3407 Gallicis
1342 3363 1433 3397 hodie
1444 3364 1474 3397 in
1487 3362 1550 3402 usu,
1572 3360 1593 3393 ὲ
1609 3358 1803 3393 Βὶἑὶίουατίο
1811 3359 1945 3408 quodam

1205 3410 1359 3447 tramtuli:
1383 3420 1418 3446 ut
1430 3407 1658 3457 fignificationes
1678 3407 1764 3455 aeque
1776 3409 1872 3444 varias
1887 3404 1946 3440 effe

1881 3467 1944 3489 am-
