2305 3809
200 117 2177 162 *W

426 298 434 301 ”
469 292 683 341 {Efcl1aeta',
725 286 772 336 El*

955 162 1164 236 Hemicz'
1207 161 1485 244 spelmanni

768 300 782 324 c
785 286 888 323 hoctor
905 311 916 330 ,
930 276 1125 329 Escdetria.
1144 282 1162 329 ]
1202 266 1415 322 otaliifissrarum
1451 293 1604 327 opportuna,
1637 285 1809 323 succiduntur
1827 297 1834 312 :
1858 282 1952 327 quibus

427 343 498 378 alias
515 356 585 378 curn
606 340 791 387 aspiratione,
815 334 884 368 alias
916 331 983 366 fine.
1033 335 1164 375 Eschaeta
1202 332 1308 373 ficccifis
1339 327 1373 363 ὦ
1386 332 1517 363 radicitus
1536 332 1640 371 evulsis,
1661 341 1735 363 terra
1744 327 1954 371 ficbvertittcr&

429 391 510 437 apud
523 403 575 424 nos
595 389 702 421 dicitur
714 381 855 431 quicquid
868 392 967 421 terrae,

991 381 1107 427 praedii‚
1124 380 1166 415 al-
1209 383 1350 413 excolitur.
1391 378 1482 423 Qud
1490 381 1519 421 fi
1546 390 1653 412 nemora
1674 380 1715 418 fic
1746 381 1838 419 excisa
1845 382 1904 420 fim
1927 390 1957 410 uc

431 439 554 473 tei-iusve
571 433 778 473 emolumenti,
803 429 885 477 quod
902 428 952 462 vel
971 439 1092 462 mortuo
1106 427 1167 462 fine
1204 429 1343 471 subfistens
1374 432 1433 472 quis
1451 432 1483 459 in
1499 433 1554 461 vix
1585 436 1698 459 extantz
1715 426 1821 466 succisae
1850 439 1959 472 quercus
1981 424 2190 472 manamau-
2244 454 2246 457 ,

432 485 546 521 haerede
564 484 716 523 Tenente,
739 479 789 512 vel
814 478 929 511 ratione
943 475 1084 510 custodiae
1106 476 1168 510 hae-
1213 479 1259 516 ivel
1287 479 1397 508 alterius
1425 477 1528 509 arboris
1555 478 1653 520 stipite
1684 478 1905 516 circumspiciens,
1931 487 1962 520 ς,
1975 475 2082 509 ftumin
2098 484 2155 512 quo

436 535 510 567 redis
522 532 582 578 ejus
592 529 666 565 infra
678 538 798 563 aetatem
809 524 971 565 existentis,
987 524 1037 558 vel
1049 536 1086 558 ex
1101 536 1170 558 cau·
1206 523 1325 563 fitcctfizs
1334 524 1450 564 viderit,
1475 527 1582 567 vastum
1603 533 1740 568 reputatur
1752 537 1762 552 ,-
1804 523 1850 554 hoc
1867 526 1904 564 est
1914 536 1964 556 va,
1979 512 2122 544 differunt.
2146 548 2151 552 .

434 583 462 615 121
480 580 598 625 alicujus
611 576 702 623 (quod
720 571 842 616 vocant)
859 571 1168 614 forisfactumdomt-
1208 573 1316 614 statum
1324 571 1518 620 per-fincopen
1544 575 1654 606 dmum,
1702 571 1751 604 Ex
1769 569 1815 603 his
1833 569 1967 603 animad-

434 642 475 662 no
492 627 612 662 obvenit
631 623 747 658 feodali.
765 622 924 656 Moriente
935 622 1019 655 enim
1037 619 1098 655 fine
1110 621 1173 655 hae-

433 676 503 710 rede
519 674 674 714 Tenente,
705 670 744 715 ad
758 671 931 705 Dominum
951 680 1066 704 remeat
1091 680 1173 703 tene-

434 733 583 762 mentum,
595 717 742 767 tanquam
760 719 799 753 ad
817 719 1000 766 superiorem
1020 717 1174 752 haeredem

433 784 473 804 ex
491 771 557 816 lege
569 768 784 803 constitutum:
799 767 944 802 Similiter
960 767 1047 800 &rei
1065 767 1175 814 capita-

431 819 466 853 lis
482 817 569 864 (puta
585 815 720 860 feloniae)
733 816 894 850 damnato:
911 828 984 849 nam
1002 815 1042 848 ob
1055 827 1177 861 corrup-

433 867 548 900 tionem
567 866 728 913 sanguinis,
741 864 899 907 -h-aeredem
908 860 974 910 jam
991 862 1104 897 habere
1115 875 1178 897 non

431 915 700 961 intelligitur.Vox‚
712 912 730 948 ὲ
742 912 824 946 Gall.
836 914 934 953 esther,
945 912 962 946 i.
977 911 1122 953 accidens,
1137 911 1178 945 ab

434 965 557 1005 elehem,
570 960 823 1003 accidere,cadere
837 974 843 994 :
862 960 943 994 unde
960 960 992 994 in
1011 961 1079 994 LL.
1094 961 1182 994 Nea-

434 1011 572 1057 politanis
589 1014 621 1044 &
639 1009 743 1044 Siculis
751 1012 914 1043 excadentm
933 1008 1042 1042 dicitur
1058 1022 1065 1041 z
1088 1018 1180 1054 atque

435 1061 486 1101 ita,
503 1063 547 1101 (&
564 1059 719 1106 praeterea)
738 1060 864 1091 excidens
877 1060 910 1091 &
927 1059 1062 1091 excudens
1079 1056 1110 1089 in
1122 1056 1182 1090 Ni-

438 1121 494 1155 gro
519 1108 568 1142 lib.
587 1107 744 1148 Scaccarii,
761 1106 814 1140 ubi
832 1106 863 1139 in
879 1119 913 1140 2.
933 1104 1010 1152 part.
1022 1117 1047 1138 e.
1070 1117 1083 1139 1
1094 1118 1125 1139 o.
1143 1103 1183 1138 de

440 1159 545 1198 escaetis
560 1161 642 1202 regis,
655 1154 693 1189 fic
710 1155 849 1189 habetur.
866 1155 987 1194 Efiraetae
1005 1157 1083 1199 vulgo
1092 1156 1184 1187 dicun-

439 1217 482 1239 tur
495 1219 550 1250 quae
566 1204 746 1237 decedentibus
754 1205 811 1243 his,
836 1207 885 1247 qui
901 1204 933 1234 dc
951 1207 1021 1246 Rege
1045 1213 1136 1234 tenent
1152 1206 1185 1234 in

441 1266 538 1299 capue,
565 1266 625 1286 cum
643 1266 693 1284 non
716 1262 799 1285 extat
818 1255 922 1283 ratione
932 1250 1075 1294 fiznguinis
1093 1252 1187 1291 haeres,

442 1305 479 1335 aa'
486 1303 578 1341 fiscum
594 1301 752 1333 relabuntur.
764 1297 847 1333 Vide
864 1299 1046 1331 Excademm.

491 1351 620 1389 Eschaeta
638 1348 730 1381 etiam
747 1346 857 1381 dicitur
874 1345 973 1392 ipsum
990 1340 1187 1388 territorium,

442 1410 504 1444 quo
516 1396 565 1442 jus
576 1398 753 1438 eschaetarum
771 1394 880 1440 aliquis
902 1393 1040 1439 percipit.

491 1447 629 1485 Est-haetor
643 1470 654 1486 ,
670 1441 804 1477 minister
828 1441 871 1476 est
889 1442 944 1487 qui
962 1453 1017 1487 per
1041 1439 1187 1474 statutum

443 1493 627 1526 territorium
640 1492 791 1526 eschaetas
802 1490 918 1536 colligit
928 1492 959 1523 ὃ(
972 1490 1106 1523 rimatur.
1122 1490 1189 1522 Ha-

444 1541 516 1574 bent
533 1540 593 1581 (vel
612 1540 711 1586 potius
722 1536 870 1580 habuere)
889 1547 1048 1582 magnates
1064 1537 1190 1582 aliquot,

445 1587 611 1633 hujusmodi
624 1586 787 1621 officialem
801 1601 809 1617 :
842 1586 929 1619 suum
949 1595 1052 1618 autem
1074 1585 1144 1617 Rex
1158 1585 1191 1618 in

447 1648 629 1683 unoquoque
648 1634 806 1669 Comitatu
822 1632 960 1678 Angliae‚
975 1631 1057 1679 quia
1075 1644 1191 1677 magno

447 1683 651 1718 Thesaurario
670 1683 828 1717 annuatim
845 1680 1032 1721 constitutus,
1050 1678 1118 1713 fisco
1134 1680 1192 1714 mi-

223 1761 298 1787 ΨΜ
326 1765 337 1784 1
360 1755 434 1783 Hen-
449 1732 514 1766 litat
531 1736 563 1766 &
582 1732 716 1778 piscatur.
747 1729 867 1763 Exatf‘m
884 1729 963 1763 vero
978 1727 1133 1762 ministerii
1150 1728 1192 1762 sui

224 1784 253 1828 ‘3'
269 1778 334 1828 αξ,
345 1798 369 1824 ἃ
391 1801 436 1822 an,
451 1793 539 1821 anno,
556 1781 666 1814 iterum
690 1780 768 1812 intra
786 1777 952 1812 triennium
968 1789 1031 1811 non
1049 1775 1088 1809 ad
1112 1775 1192 1810 idem

229 1835 347 1874 3.ejusd.
357 1842 396 1864 ca.
407 1839 434 1861 2.
449 1829 611 1875 recipiatur
628 1825 849 1875 exequendum.

500 1879 666 1918 Eschaet-ria,
684 1886 794 1910 munus
817 1873 1002 1908 Eschaetoris
1020 1876 1052 1908 ὃ(
1065 1872 1194 1919 ejufflem

452 1926 642 1960 territorium.
677 1930 747 1957 Hen.
772 1937 803 1957 2.
822 1922 860 1956 fic
883 1923 979 1968 exigit
1012 1932 1162 1966 124000
1178 1926 1196 1955 Ι.

452 1986 514 2019 arg.
527 1979 606 2007 stow.
623 1973 654 2006 in
673 1975 731 2005 An.
746 1985 758 2006 1
773 1984 784 2004 1
796 1983 851 2017 59.
871 1972 910 2004 R.
933 1982 964 2015 5.
975 1983 1015 2003 ex
1027 1973 1130 2014 Ipodzg.

500 2019 523 2066 ff
540 2016 735 2066 Escuagium.
753 2018 771 2063 ]
794 2018 960 2051 Servitium
977 2017 1057 2051 scuti.
1075 2020 1104 2051 A
1117 2016 1198 2050 Gall.

455 2073 522 2111 escu,
543 2070 560 2102 i.
574 2069 697 2102 stutum.
714 2066 795 2101 Alias
813 2071 983 2112 Scutagium,
1006 2064 1089 2112 quod
1106 2064 1198 2108 vide3

457 2122 489 2151 ὅ(
520 2119 696 2161 Hastenducia
714 2142 724 2158 ,
746 2114 840 2149 fimile
866 2113 960 2160 apudv
973 2112 1200 2160 Longobardos

457 2166 617 2200 strvitium.

504 2210 528 2258 5
544 2209 651 2258 Esox,
674 2210 784 2256 Effirx,
799 2209 948 2246 &Exou
971 2206 1066 2242 Gloff.
1096 2204 1194 2251 Ifhx,

457 2262 538 2295 Beda
552 2259 663 2305 Isicius.
679 2258 814 2304 ]Salmo.
831 2256 1200 2304 Germ.lal'tlj,al.1at1]9,

459 2313 490 2344 ὃ(
503 2308 561 2346 lat.
579 2308 751 2353 Wisegoth.
760 2307 809 2341 lib.
822 2306 930 2340 8.Tit.
942 2318 976 2353 4.
989 2306 1039 2340 lib.
1055 2319 1116 2353 29.
1138 2311 1202 2340 Me-

452 2361 506 2400 fhx
518 2358 639 2405 legitur,
651 2355 673 2390 fi
690 2369 754 2390 non
766 2367 931 2402 perperam.
942 2360 1067 2394 Flumina
1080 2360 1200 2399 majora¹

462 2410 494 2440 τά
505 2409 540 2449 cst
553 2433 563 2448 ,
591 2419 639 2452 per
661 2418 718 2450 quae
730 2406 850 2446 mastices,
866 2415 914 2441 aut
932 2408 983 2438 alii
996 2403 1082 2449 pisces
1099 2409 1203 2437 marini

455 2456 636 2499 fitbriguntur.
648 2453 757 2487 Codex
770 2454 840 2487 MS.
865 2450 913 2496 (ut
925 2453 957 2487 in
968 2451 1057 2488 Variis
1068 2451 1204 2485 lec-ilioni-

465 2503 519 2535 bus
531 2500 665 2545 notatur)
683 2501 774 2535 habet
784 2512 833 2548 per
842 2513 920 2545 quem
931 2502 1011 2543 esoces
1025 2514 1032 2533 ε
1056 2499 1104 2534 sed
1115 2500 1205 2534 reeri-

468 2563 501 2583 us
520 2552 574 2583 erit
583 2563 630 2596 per
639 2564 695 2596 quae
712 2552 798 2590 esoces.

514 2595 536 2643 ff
550 2596 766 2644 Esparuarius.
794 2596 812 2643 ]
845 2596 949 2632 Chai-t.
974 2594 1073 2632 forest.
1097 2608 1121 2630 c.
1150 2606 1204 2641 14.

464 2646 534 2680 Vide
542 2652 707 2692 sparnarius.

513 2692 536 2740 ff
554 2695 585 2731 E
583 2694 725 2740 ffarrum,
737 2691 791 2739 Es
784 2702 902 2738 artum,
916 2692 1205 2738 Exartum,Exar-

466 2752 521 2787 tes,
545 2747 576 2777 &
596 2744 767 2780 Exartare-
788 2742 805 2787 ]
830 2745 860 2776 A
885 2741 955 2775 Gal.
972 2743 1090 2783 effic-fter,
1124 2741 1207 2788 quod

464 2792 545 2837 apud
570 2792 702 2826 Plinium
726 2790 769 2825 est
790 2794 960 2832 interlucare,
988 2790 1046 2824 hoc
1067 2788 1131 2831 est,
1154 2802 1207 2835 per

465 2840 485 2872 s
515 2841 555 2874 tia
569 2844 600 2874 ὃ(
611 2839 765 2874 intervalla
784 2838 907 2873 dumeta
925 2842 958 2872 &
979 2839 1099 2873 arbores
1117 2838 1207 2872 mcci-

467 2853 553 2922 (ἔζεε
572 2890 611 2923 ita
629 2900 662 2922 ut
680 2887 737 2922 Sol
750 2887 930 2922 interluceat.
944 2886 1016 2922 Inde
1034 2886 1116 2933 apud
1134 2898 1207 2920 eun-

467 2935 535 2970 dem
556 2941 734 2977 interlucatio,
760 2935 842 2983 apud
861 2938 1013 2971 Catonem
1042 2939 1074 2970 &
1092 2936 1207 2970 Varro-

471 2995 539 3017 nem
555 2989 694 3019 collucutio.
718 2985 857 3019 Similiter
870 2985 977 3027 effizrter
992 3010 1002 3026 ‚
1037 2987 1068 3019 ὃ(
1085 2986 1208 3026 fimare,

470 3029 511 3063 est
530 3030 611 3065 silvas
623 3034 779 3074 succidere,
803 3032 901 3067 dumis
920 3045 1063 3079 purgare,
1085 3033 1150 3067 loca
1168 3032 1208 3066 ri-

470 3079 538 3127 gida
550 3083 580 3112 ἅ·
593 3080 713 3121 inculta,
728 3082 759 3114 in
771 3080 918 3115 culturam
932 3081 1208 3127 redigereDifihnn

470 3126 584 3160 Gallice
597 3131 730 3169 offanum,
749 3127 766 3161 a
786 3129 897 3161 Latino
912 3142 1047 3171 exertum,
1071 3129 1153 3178 quod
1163 3128 1206 3163 est

470 3173 613 3214 evulsum,
632 3175 823 3209 eradicatum.
847 3177 921 3209 Vox
938 3175 1161 3212 forestariorum
1175 3181 1207 3212 &

469 3219 679 3255 almar-iorum.
713 3224 815 3269 Niger
843 3222 892 3257 lib.
923 3225 1066 3259 Scaccarii
1091 3238 1153 3271 par.
1178 3239 1206 3260 1.

469 3280 532 3313 cap.
556 3281 568 3302 1
580 3281 609 3313 3.
627 3271 732 3311 Effirrta
750 3275 825 3316 vulgo
847 3274 971 3307 dicuntur
987 3287 1044 3319 quae
1070 3277 1143 3320 apud
1158 3272 1209 3308 Π)-

471 3315 579 3350 dorum
597 3320 732 3356 occafiones
748 3325 937 3354 nominamur:
967 3325 1071 3366 quando
1086 3324 1125 3363 fi·
1133 3326 1209 3362 fore.

463 3367 525 3407 ste,
537 3379 643 3400 nemora
661 3369 706 3412 vel
715 3368 824 3400 dumeta
836 3369 968 3412 quelibet,
977 3372 1082 3415 past-uss
1095 3369 1129 3407 &
1141 3375 1210 3406 lau·-

212 1018 381 1050 Excudentiz.

213 1057 307 1088 Excadt
317 1065 356 1086 ns.

214 1097 351 1128 Excidcns.

244 2808 403 2836 &tenuem

244 2942 414 2972 lmerlucztio.

248 3138 382 3164 Exitum.

245 3325 390 3360 musterus.

1218 630 1307 653 verte
1327 615 1532 654 diflerentiam
1561 620 1640 654 inter
1657 617 1786 661 effizrtum
1804 621 1836 652 ὃ(
1854 620 1968 660 vastum.

1219 669 1343 702 Locum
1361 666 1444 701 hunc
1460 667 1598 709 accurate
1625 668 1718 701 citant
1732 667 1811 711 Juris
1823 664 1969 700 forestarii

1220 716 1399 762 Scriptores,
1418 714 1563 750 mendam
1580 715 1790 749 contrahentes
1806 727 1900 762 quarn
1919 726 1971 747 ex-

1221 764 1327 799 hibent
1338 763 1432 810 prista
1445 763 1554 798 codicis
1572 762 1765 808 exemplaria.
1823 763 1971 798 Scribitur
2248 787 2249 791 ,

1221 814 1304 847 enim
1317 815 1454 854 occafiones
1465 825 1522 859 pro
1534 818 1680 846 occasiones
1692 824 1699 843 z
1709 812 1738 851 s
1743 822 1800 856 pro
1812 811 1973 854 t,sensum-
1991 815 2103 853 occatio,
2121 817 2146 845 δε
2163 824 2200 844 oc·
2248 836 2250 856 :
2266 827 2269 832 ¹

1225 874 1286 908 que
1305 861 1466 896 obsturum
1498 861 1595 895 reddit
1621 859 1705 906 prior
1719 870 1782 892 vox
1801 871 1812 901 5
1843 859 1972 893 elucidat
1991 866 2058 886 ‘ast'-

1224 909 1509 956 posterior.Quippe
1521 922 1584 944 non
1596 909 1636 942 ab
1652 909 1800 947 occidendo,
1817 906 1867 941 sed
1881 907 1920 941 ab
1931 922 1973 941 oc-

1225 961 1319 998 cando,
1332 960 1364 990 &
1376 957 1480 1002 (quod
1488 960 1599 994 Cicero
1611 957 1642 991 in
1663 955 1827 990 Senectute
1835 954 1974 999 testatur)

1226 1006 1266 1040 ab
1284 1016 1394 1048 occato;
1415 1017 1481 1041 rem
1504 1006 1578 1042 occa
1602 1002 1770 1052 depressam
1784 1003 1976 1049 fignificante.

1228 1053 1283 1090 Est
1300 1064 1403 1087 autem
1420 1067 1492 1098 occa,
1508 1066 1604 1091 crates
1624 1054 1735 1099 lignea,
1751 1050 1855 1086 ferreis
1871 1051 1978 1086 instru-

1229 1103 1282 1138 θα).
1291 1101 1439 1142 dentibus,
1465 1118 1526 1151 qua
1535 1105 1566 1139 in
1579 1102 1659 1148 agris
1667 1100 1869 1143 seminalibus,
1879 1100 1980 1146 glebae

1233 1159 1441 1191 conteruntur,
1468 1157 1501 1188 ὅ(
1518 1151 1701 1196 locaaspera
1718 1149 1751 1183 in
1768 1148 1925 1195 planitiem
1934 1161 1979 1182 re-

1234 1200 1396 1245 diguntur:
1421 1201 1522 1244 effam‘s
1539 1198 1663 1248 perinde
1694 1196 1866 1232 utiliffima:
1897 1197 1980 1231 Gall.

1231 1250 1315 1282 heroe.
1334 1246 1425 1292 Angl.
1439 1257 1483 1284 an
1498 1247 1644 1288 barnuino
1651 1245 1728 1280 Plin.
1740 1244 1790 1279 lib.
1809 1258 1823 1279 1
1834 1245 1864 1279 8.
1874 1258 1981 1280 ca.20.

1233 1302 1363 1329 Aratieme
1367 1307 1416 1341 per
1433 1296 1611 1335 transversum
1627 1300 1739 1334 iterata,
1746 1298 1844 1327 occatio
1847 1296 1981 1339 fiquitur.

1234 1345 1275 1379 Et
1298 1357 1341 1378 ca.
1360 1344 1417 1389 seq.
1446 1346 1583 1376 Hordeum
1608 1354 1706 1383 occaso,
1726 1342 1809 1382 „serito
1826 1367 1837 1383 ,
1863 1355 1982 1376 runcato,

1234 1393 1357 1428 Nonius
1372 1391 1503 1426 Marcel.
1522 1394 1554 1425 &
1573 1391 1677 1425 Varro
1695 1389 1734 1423 de
1748 1402 1781 1423 re
1799 1388 1870 1424 rust.
1881 1390 1931 1424 lib.
1954 1403 1982 1425 1.

1236 1448 1350 1481 Occare,
1361 1443 1392 1473 id
1407 1444 1455 1483 est,
1471 1444 1659 1480 comminuere,
1677 1453 1711 1472 ne
1715 1441 1756 1479 fit
1759 1439 1840 1483 gleba
1852 1454 1861 1469 .-
1898 1438 1982 1485 quod

1238 1488 1353 1522 Ifidoro
1377 1487 1470 1530 teste,
1487 1488 1577 1533 Orig.
1603 1487 1654 1520 lib.
1678 1499 1690 1519 1
1701 1498 1732 1530 7.
1749 1498 1792 1519 ca.
1808 1499 1836 1519 1.
1854 1485 1890 1520 fit
1907 1486 1983 1521 dum

1233 1540 1351 1582 grandes
1359 1537 1450 1582 glebas
1464 1538 1577 1577 caedunt,
1585 1534 1620 1570 &
1628 1535 1758 1581 ligonibus
1764 1537 1910 1579 frangunt,
1926 1535 1984 1570 &c.

1290 1586 1418 1628 ..Quietus
1435 1587 1467 1617 de
1484 1583 1596 1625 effartis.
1617 1582 1760 1617 Occurrit
1786 1582 1819 1615 in
1839 1583 1984 1629 Privileg.

1239 1632 1278 1667 ab
1297 1634 1394 1667 Henr.
1409 1633 1431 1666 Ι.
1448 1631 1562 1665 Abbati
1570 1631 1693 1665 Rames
1708 1627 1833 1664 concess.
1850 1627 1982 1677 §.198.

1239 1686 1279 1714 Et
1294 1685 1343 1715 illa
1355 1684 1501 1726 leugatastt
1519 1686 1550 1712 in
1567 1691 1726 1725 perpetuum
1743 1685 1837 1724 quieta
1849 1681 1882 1712 de
1907 1683 1983 1722 νιβα-

1243 1731 1322 1763 ilibus
1345 1732 1517 1771 forestarum,
1538 1726 1574 1762 &
1594 1731 1707 1770 effertis,
1732 1728 1767 1762 &
1785 1729 1904 1761 omnibus
1918 1731 1984 1763 aliis

1240 1781 1363 1823 querelis.
1374 1778 1446 1811 Hoc
1465 1776 1508 1810 est
1521 1789 1528 1808 :
1561 1776 1643 1810 nulla
1653 1775 1822 1809 Abbatibus
1835 1775 1984 1811 Ramefiae

1239 1824 1385 1860 inferatur
1415 1823 1561 1867 molestia,
1586 1823 1608 1858 fi
1627 1837 1695 1871 quae
1712 1822 1791 1857 forte
1818 1825 1849 1858 in
1869 1822 1983 1858 forestis

1241 1875 1347 1921 Regiis
1357 1875 1453 1916 effizrta
1465 1871 1600 1907 fecerunt
1619 1874 1696 1907 intra
1709 1872 1791 1907 illam
1799 1873 1961 1919 leugatam.

1252 1935 1253 1938 ’
1291 1925 1341 1957 De
1353 1928 1460 1956 exartis
1476 1921 1546 1955 vide
1568 1922 1674 1967 legum
1691 1921 1895 1968 Burgundior.
1911 1919 1988 1955 infra
2009 1934 2148 1967 Exammze

1244 1971 1275 2003 in
1304 1977 1470 2004 Faramanm‘
1488 1995 1498 2010 ‚
1541 1974 1573 2004 &
1603 1971 1702 2003 Boior.
1749 1970 1818 2003 Tit.
1837 1970 1891 2004 16.
1914 1969 1934 2016 §
1959 1983 1986 2004 Ι.

1244 2021 1276 2052 &
1297 2031 1329 2052 2.

1254 2094 1257 2102 s
1294 2071 1422 2099 Exartes.
1440 2065 1596 2112 Duploma
1615 2066 1720 2100 Caroli
1737 2066 1828 2111 Mag.
1844 2066 1876 2100 in
1893 2066 1988 2103 Gloff.

1245 2114 1409 2148 Lindenbr.
1432 2119 1603 2155 Conferemus
1610 2117 1712 2160 stirpes
1724 2140 1735 2156 ,
1757 2117 1802 2149 vel
1816 2126 1849 2148 ut·
1861 2119 1937 2160 vtdgo
1945 2119 1989 2149 di-

1245 2168 1328 2203 citur,
1339 2175 1448 2196 exartes
1461 2164 1583 2208 quostiam
1601 2177 1663 2208 quos
1681 2177 1719 2196 ex
1731 2166 1806 2198 rebus
1825 2168 1987 2206 Trio-alinerr-

1237 2213 1277 2251 sts
1294 2216 1444 2244 Comitatus
1469 2215 1519 2257 ipsi
1530 2217 1648 2258 propriis
1669 2213 1812 2253 laboribus,
1834 2215 1867 2245 de
1884 2215 1987 2246 heremo

1252 2262 1290 2292 ad
1299 2264 1492 2304 agriculturam
1500 2260 1653 2305 perduxsffi
1669 2263 1814 2302 noscuntur.
1837 2261 1879 2294 Et
1892 2261 1989 2294 Char-

1248 2307 1333 2341 tular.
1352 2308 1516 2342 Rhemens
1537 2314 1569 2343 Si
1587 2312 1695 2343 novalia
1708 2323 1766 2356 quae
1782 2311 1870 2351 efizrta
1894 2321 1990 2343 vocant

1249 2356 1370 2396 ibifimt.

1297 2409 1438 2438 Exustare
1451 2405 1482 2438 in
1499 2406 1645 2440 Boiorum
1654 2409 1686 2440 &
1700 2405 1905 2452 Burgundior.
1921 2403 1993 2440 LL.·

1249 2454 1282 2486 &
1303 2452 1371 2485 Gal.
1388 2454 1495 2494 ffzrter
1524 2467 1575 2486 une
1591 2457 1686 2498 forest,
1708 2454 1751 2488 est
1769 2453 1874 2489 filvatn
1899 2454 1989 2488 collu-

1250 2513 1325 2534 care.

1298 2545 1322 2593 5
1339 2545 1496 2593 Effimiare
1506 2575 1518 2594 ,
1554 2546 1727 2594 Effiniator
1742 2576 1753 2595 ,
1789 2548 1990 2596 Effimium]
2124 2592 2126 2595 .

1250 2597 1352 2631 Etiam
1371 2598 1474 2632 omnia
1492 2610 1547 2644 per
1559 2610 1588 2631 x.
1596 2611 1652 2643 pro
1665 2597 1696 2632 ff
1719 2599 1890 2641 &Exonia,
1911 2601 1970 2634 niae
1990 2591 2125 2636 :Exqffia‘

1253 2640 1452 2692 Soniumque,
1487 2645 1596 2692 absque
1608 2647 1657 2680 Es
1666 2646 1717 2680 vel
1725 2648 1781 2681 Ex.
1798 2648 1868 2681 Nec
1879 2661 1941 2682 non
1953 2649 1994 2682 E·
2008 2630 2129 2659 somum‘

1251 2694 1383 2735 fumare,
1401 2695 1573 2736 Esumator,
1585 2697 1642 2729 &a
1660 2696 1762 2729 Voces
1780 2693 1917 2737 forenses,
1935 2696 1992 2730 illae
2009 2669 2161 2738 ξὲἓέἓξεξ,

1251 2742 1328 2777 tritae
1341 2743 1451 2783 adhuc,
1484 2742 1547 2776 istae
1562 2741 1709 2777 obsoletae.
1732 2745 1849 2786 Effonier
1879 2744 1950 2778 Gal.
1962 2748 1994 2779 ὃς

1255 2790 1428 2831 exonier,est
1442 2790 1605 2834 excussre3
1627 2791 1669 2825 ab
1680 2791 1827 2837 angustia,
1849 2804 1923 2826 cura
1945 2793 1995 2827 vel

1252 2839 1354 2873 labore
1366 2840 1502 2873 liberare.
1529 2844 1578 2873 Ex
1591 2839 1787 2884 privativum,
1802 2842 1895 2886 fin'ng,
1912 2853 1995 2883 cura,

1252 2890 1309 2922 ἃς.
1342 2888 1399 2921 Sed
1417 2891 1449 2922 ὅ(
1466 2887 1552 2921 altius
1587 2888 1733 2922 rimantur
1760 2886 1888 2930 fontem,
1905 2887 1921 2924 ὲ
1937 2890 1994 2924 Gr.

1254 2936 1412 2978 ἒξὸμνυᾶαι
1429 2949 1440 2979 5
1489 2935 1551 2970 uod
1581 2949 1642 2970 non
1674 2936 1768 2970 solum
1786 2936 1830 2971 est
1859 2938 1994 2978 excusare,

1252 2984 1301 3019 sed
1314 2982 1485 3031 interpofito
1492 2983 1686 3030 jurejurando
1702 2986 1760 3019 hoc
1769 2983 1878 3027 facere,
1894 2986 1933 3019 ab
1946 2985 1994 3027 ἐξ,

1252 3033 1270 3066 i.
1288 3048 1336 3075 ex,
1349 3037 1380 3068 ὃ(
1394 3032 1511 3076 'buitur-u,
1514 3039 1585 3077 juro.
1639 3035 1680 3068 Et
1697 3032 1765 3067 foro
1775 3033 1897 3078 quidem
1916 3032 1992 3065 bene

1253 3083 1393 3117 convenit
1412 3081 1467 3117 ista
1497 3082 1651 3123 deductio,
1672 3082 1725 3115 ubi
1747 3080 1808 3115 fine
1818 3080 1994 3124 juramento

1253 3143 1316 3165 non
1333 3131 1500 3166 admittitur
1513 3128 1732 3164 exeniatio.Est
1745 3128 1837 3173 igitur
1847 3130 1993 3172 Eſjom'are,

1253 3179 1390 3214 excusare
1400 3180 1531 3226 aliquem
1544 3179 1574 3212 in
1585 3176 1662 3217 foro,
1675 3176 1727 3222 qui
1739 3175 1852 3210 indicta
1869 3177 1918 3210 die
1929 3190 1991 3211 non

1253 3228 1454 3272 comparuerit
1463 3225 1643 3261 submonitus
1653 3237 1663 3266 3
1675 3223 1852 3270 causamque
1867 3225 1994 3271 impedi-

1253 3276 1348 3309 menti
1363 3275 1444 3322 apud
1457 3274 1593 3320 Judicem
1620 3283 1805 3317 promovere.
1855 3275 1993 3315 Effonium

1252 3323 1390 3368 perinde,
1408 3324 1467 3370 ipss
1486 3319 1650 3362 excusatio3
1674 3319 1861 3368 ejusdemque
1879 3321 1995 3354 exhibi-

1253 3371 1305 3406 tio.
1323 3372 1433 3407 Omnis
1449 3381 1553 3407 autem
1569 3368 1729 3412 excusstio,
1747 3367 1765 3403 a
1778 3368 1994 3415 jurisconfiiltis

1888 3416 1993 3451 nostris
