2305 3809
317 243 343 301 3
356 242 384 279 2
395 239 429 279 2

254 312 521 329 ’.κ-

492 358 529 393 4,
551 353 619 380 Item
636 350 701 390 quia
721 356 804 376 annus
817 343 864 383 zste
882 340 1012 382 Jadailaeus
1028 341 1128 379 finitur
1137 341 1185 372 ho-

446 399 513 437 die,
537 398 623 428 volens
644 394 717 426 idem
746 395 876 424 Dominus
910 391 994 432 noster
1020 391 1094 421 velut
1121 392 1186 433 pius

443 456 521 490 pater
532 443 669 488 providere
689 441 775 481 saluti
790 443 960 471 animarum:
984 437 1104 469 omnibus
1133 439 1186 470 illis

446 494 566 537 quisunt
589 488 651 522 vere?
668 490 770 531 confieffi
789 485 934 527 secundum
955 488 1076 526 formam
1098 486 1186 517 indul-

439 545 540 584 genciae
549 539 616 580 suae,
638 536 673 573 &
691 550 743 570 non
776 537 948 574 misfecerunt
964 535 996 567 de
1013 536 1098 567 alieno
1114 535 1188 574 infra

443 601 563 628 annum,
594 599 641 619 nec
663 585 770 629 peffens
805 581 935 616 commode*
944 582 1188 628 satiffacereprop-

442 647 483 668 ter
514 640 636 680 temporis
661 633 822 666 brevitatem
840 656 851 672 ,
885 642 1010 677 prorogat
1039 636 1188 665 terminum

441 685 480 716 ad
485 682 710 723 satifizciendum
723 682 862 714 duntaxat
875 681 954 725 ufiue
967 683 1004 714 ad
1020 683 1122 723 festum
1133 685 1188 723 Re-

433 732 605 771 fitrreHionis
622 734 773 764 Dominicae
785 729 913 774 proxime
931 740 1084 763 venturum.

490 779 568 812 Haec
580 777 618 812 de
636 777 756 812 seculari
766 779 879 818 Jubilaeo
891 775 1189 822 Bonifaciano‚quem

443 826 544 860 multis
552 826 775 873 decrepitorum
793 825 926 860 millibus
941 839 1078 873 unquam
1103 824 1190 858 vidis-

443 875 471 909 se
487 874 569 909 haud
587 874 694 909 datum
712 872 777 909 fuit.
824 873 967 909 Clemens
995 875 1089 921 igitur
1105 874 1189 919 Papa

445 924 478 958 6.
488 936 561 958 eum
578 923 618 958 ab
645 937 693 959 an.
717 921 878 957 centesimo
903 921 943 957 ad
961 935 1066 957 veram
1077 923 1191 964 Jubilaei

443 972 601 1017 periodum
621 971 705 1016 (hoc
727 971 781 1014 est,
802 970 1108 1019 quinquagesimum)
1138 970 1191 1005 de-

446 1019 618 1054 ducendum
635 1019 753 1056 statuit:
778 1019 856 1054 datis
867 1019 906 1054 ad
923 1020 1192 1065 Archiepiscopum

443 1068 721 1111 Tarraconensem,
762 1071 795 1103 &
838 1068 877 1102 ad
907 1081 1012 1103 omnes
1053 1066 1192 1103 Ecclefiae.

443 1117 586 1152 Praelatos
615 1117 705 1151 literis
725 1118 783 1152 An.
811 1119 905 1151 Dom.
937 1127 1043 1164 1342.
1067 1115 1192 1152 Pontifi-

443 1176 525 1199 catus
542 1166 584 1199 sui
610 1166 730 1212 primo:
754 1164 916 1212 posteaque
931 1191 943 1208 ,
974 1166 1082 1200 scilieet
1100 1167 1192 1200 Anno

450 1225 558 1260 1350.
588 1214 724 1260 primum
753 1215 900 1254 Jubilaeum
930 1212 1193 1261 quinquagefima-

444 1261 517 1303 lem,
539 1272 632 1308 prout
650 1261 803 1304 statuerat,
825 1261 997 1297 celebravit.

490 1311 628 1344 Demum
662 1311 760 1352 vero,
802 1321 837 1344 ut
870 1323 999 1358 quaeque
1017 1320 1088 1346 aetas
1112 1308 1195 1346 istius

443 1356 529 1393 fieret
538 1358 685 1404 particeps
699 1356 855 1401 beneficii3
877 1357 981 1393 Xistus
995 1358 1034 1393 al.
1049 1359 1150 1394 Sixtus
1158 1370 1193 1405 4.

445 1405 484 1441 ad
501 1418 750 1453 unumquemque
766 1419 881 1440 annum
910 1405 1088 1441 vicefimum
1105 1407 1194 1452 quin-

445 1464 524 1498 tum,
547 1457 695 1496 Jubilaeum
725 1455 894 1489 contraxit:
935 1465 1028 1502 atque
1063 1453 1196 1502 ejufflem

447 1503 581 1549 primam
600 1504 665 1550 egit
676 1503 881 1538 celebritatem
894 1505 953 1538 An.
971 1505 1066 1538 Dom.
1088 1514 1157 1549 147
1164 1517 1196 1550 5.

447 1550 607 1586 Confluxit
625 1553 762 1586 Romam
786 1552 818 1586 in
843 1554 971 1593 Jubilaeis
987 1552 1058 1594 istis,
1089 1552 1197 1598 ingens

447 1599 622 1634 mortalium
648 1600 833 1635 multitudo:
856 1600 934 1636 adeo
952 1609 987 1634 ut
1007 1601 1063 1635 sub
1073 1598 1195 1636 Bonifa-

447 1649 494 1694 cio
517 1649 547 1683 8.
570 1652 711 1694 aliquando
725 1651 762 1683 ad
772 1655 829 1684 CC.
844 1653 892 1684 M.
915 1652 1052 1683 hominum
1082 1655 1115 1683 in
1137 1652 1196 1685 dies

440 1700 555 1743 fingulos
580 1710 785 1732 numerarentur
801 1723 812 1739 ‚
842 1708 942 1744 praeter
963 1701 1118 1744 indtgr'nes:
1162 1702 1195 1734 ὃς

447 1745 501 1779 sub
531 1745 664 1780 Nicolao
690 1759 721 1792 5.
746 1748 805 1781 An.
829 1747 922 1781 Dom.
953 1757 1059 1793 1450.
1100 1747 1196 1793 impe-

448 1793 513 1827 dito
534 1792 662 1828 fortuito
678 1794 815 1836 transitu,
835 1798 947 1830 ducenta
973 1798 1110 1829 homimem
1139 1810 1196 1830 cor-

441 1854 510 1887 pora
535 1843 570 1878 &
599 1857 676 1889 equos
701 1856 774 1884 tres,
816 1844 916 1878 obtrita
942 1842 976 1878 ἐξ
994 1846 1128 1888 st'tffivcata
1163 1850 1196 1878 in

440 1903 523 1935 ponte
553 1895 690 1925 Hadriani
723 1889 816 1926 refert
846 1892 970 1927 Platina.
1036 1892 1087 1926 Ad
1117 1893 1196 1926 exci-

445 1938 586 1985 piendam
603 1941 698 1986 igitur
726 1950 843 1974 tantam
868 1939 1092 1986 frequentiam,
1126 1941 1196 1986 ple-

445 1999 577 2033 namque
602 1987 790 2021 delictorum
810 1987 1042 2034 indulgentiam,
1064 1987 1130 2033 post
1143 2000 1196 2023 ex-

447 2035 518 2069 acta
560 2035 705 2081 imperata
721 2059 732 2076 ,
788 2033 1004 2069 conferendam
1023 2049 1029 2068 :
1082 2035 1195 2082 septem

448 2083 591 2129 primaria
615 2083 696 2117 urbis
728 2082 853 2118 delubra
867 2083 949 2118 idem
966 2082 1117 2118 constituit
1134 2086 1194 2118 Bo-

448 2129 581 2165 nifacius.

221 2197 349 2235 ffuhilaem
375 2201 432 2227 Re,
496 2177 686 2213 Bonifacii&
699 2178 865 2213 Clementis
893 2179 1034 2225 exemplo
1051 2180 1196 2214 excitatus

220 2237 262 2276 gis
284 2237 430 2268 Edouardj,
450 2230 519 2262 Rex
540 2228 662 2276 Angliae
693 2226 871 2262 Edouardm
904 2240 933 2274 3.
956 2228 999 2262 sui
1030 2227 1118 2274 ipfius
1144 2241 1197 2263 an-

223 2286 251 2312 3·
447 2289 520 2311 num
553 2275 777 2323 genethliacum
802 2274 1100 2324 quinquagesimum,
1114 2278 1198 2318 Jahn·-

445 2328 490 2359 laeo
508 2324 627 2359 dicavit.
676 2325 777 2359 Natus
793 2325 907 2372 quippe
933 2327 965 2360 in
983 2324 1060 2361 festo
1076 2326 1105 2367 S.
1130 2327 1198 2360 Bri-

445 2374 494 2415 cii,
519 2373 577 2410 hoc
595 2373 649 2415 est,
672 2374 703 2407 in
720 2372 823 2407 Idibus
837 2374 993 2408 Novemb.
1021 2376 1080 2408 An.
1103 2376 1197 2414 Dom.

452 2435 560 2467 1312.
584 2422 654 2456 cum
680 2421 719 2456 ad
750 2421 833 2457 idem
864 2420 976 2458 festum
999 2424 1059 2457 An.
1089 2425 1196 2470 1362.

448 2470 590 2516 superstes
608 2468 805 2518 pervenisset,
827 2472 994 2516 gratiosum
1012 2472 1153 2507 omnibus
1170 2473 1198 2507 ie

450 2519 582 2564 praebere
603 2523 635 2553 ὅ(
666 2517 846 2553 munificum
863 2519 1018 2566 gestiebat.
1066 2521 1199 2555 Vinctos

449 2567 543 2612 igitur
569 2568 586 2600 ὲ
613 2579 731 2602 carcere
757 2567 875 2610 liberat,
897 2568 999 2603 exules
1017 2579 1140 2603 revocat
1159 2569 1198 2602 ad

450 2614 525 2649 lares
538 2616 685 2663 proprios,
709 2627 774 2649 reos
787 2615 947 2662 majestatis
963 2616 1074 2651 iblutos
1098 2616 1198 2651 dimit-

450 2664 498 2705 tit,
520 2665 665 2710 regioque
683 2664 786 2698 omnia
813 2662 892 2699 fastu
924 2668 956 2699 &
975 2664 1199 2711 magnificentia

451 2712 593 2754 recolens,
615 2723 714 2754 ornat,
736 2712 812 2746 ditat
829 2716 861 2747 &
883 2712 1016 2747 illustrat.
1059 2715 1128 2758 jam
1159 2713 1199 2748 le-

451 2772 505 2807 ges
519 2761 658 2795 {alutares
682 2760 790 2806 multas
817 2761 906 2803 tulit,
943 2761 1039 2796 multa
1062 2763 1200 2798 conceffit

453 2810 619 2856 privilegia,
667 2811 806 2856 Rogatus
832 2809 850 2844 a
867 2811 1095 2845 communitate
1112 2813 1199 2859 Reg-

452 2859 494 2899 ni,
515 2858 652 2905 linguam
668 2858 911 2894 Normannicam
942 2859 1087 2894 haetenus
1112 2861 1143 2894 in
1168 2874 1200 2896 a-

454 2906 558 2950 gendis
574 2905 666 2941 caufis
675 2904 861 2956 ferendistJue
867 2907 986 2954 judiciis
1001 2907 1141 2943 usitatam
1149 2909 1200 2943 ad-

456 2954 533 2995 imit,
556 2955 760 3001 Anglicanam
779 2956 912 2991 indicens
928 2957 1142 3004 recipiendam,
1165 2969 1200 2992 ut

456 3013 518 3034 non
531 3001 622 3037 (olum
644 3004 827 3054 litigatores,
850 3006 898 3040 sed
920 3009 953 3041 &
978 3005 1200 3041 circumstantes

457 3048 581 3094 quilibet
594 3050 666 3096 juris
691 3053 803 3087 {acilius
829 3056 962 3090 tramites
981 3056 1202 3101 cognoscerent.

459 3096 539 3130 Acta
556 3100 630 3132 vero
649 3100 679 3133 in
697 3100 812 3135 tabulas
836 3105 868 3136 &
885 3103 1077 3138 membranas
1106 3105 1202 3152 publi-

460 3155 508 3176 cas
526 3146 632 3179 Latine
650 3149 822 3193 regerenda.

510 3192 600 3225 Circa
616 3194 672 3228 hoc
699 3197 791 3230 etiam
810 3207 939 3243 tempus,
962 3198 1046 3233 velut
1071 3200 1110 3234 ad
1129 3202 1202 3236 anni

460 3238 540 3273 istius
552 3239 639 3273 decus
657 3245 669 3281 (
684 3242 705 3275 si
719 3244 799 3278 recle
821 3245 973 3286 historici)
988 3247 1065 3282 filios
1085 3249 1149 3282 suos
1163 3251 1202 3284 E—

459 3287 628 3322 douardum
646 3290 813 3336 Principem
840 3294 964 3330 Wauiae
982 3322 993 3338 ,
1034 3296 1067 3330 in
1083 3298 1204 3332 Ducem

461 3337 575 3370 creavit
592 3337 785 3383 Aquitaniae:
823 3341 997 3377 Lionellum
1025 3345 1057 3377 in
1082 3347 1203 3380 Ducem

459 3385 640 3419 Clarentiae:
665 3385 860 3422 Edmundum
879 3389 909 3422 in
921 3390 1077 3424 Comitem
1093 3394 1205 3428 Canta·

463 3432 582 3482 brigiae:
608 3436 640 3469 ὃς
653 3447 690 3468 ne
700 3434 770 3480 quid
784 3445 874 3472 tantae
892 3435 1000 3472 deesset
1012 3438 1176 3476 celebritati
1194 3453 1205 3482 3

218 768 352 812 §abintus
360 766 426 796 cle-

217 812 360 836 mentmus.

215 1305 343 1351 {ubilona
368 1303 426 1333 Six-

213 1350 298 1374 tinus.

215 1534 395 1564 Advenarum

215 1574 372 1604 multitudo.

215 1816 334 1852 Templa
353 1814 395 1844 his

215 1851 362 1892 defignata.

968 177 1178 278 Henrici
1204 215 1245 275 S
1237 188 1480 300 pelm'cinni
1518 176 1526 182 γ’
1548 186 1551 189 -

1239 337 1387 380 Franciae,
1409 338 1519 385 Cypri,
1556 341 1590 373 &
1607 339 1715 374 Scotiae
1744 343 1856 389 Reges,
1885 343 1981 389 Regi-

1235 398 1368 433 namque
1379 387 1489 422 Scotiae
1506 385 1611 422 illustri
1627 386 1758 434 hospitio
1772 392 1896 438 excepit.
1913 393 1981 426 Ha*

1235 433 1354 469 stiludia
1371 439 1404 470 &
1422 448 1491 483 quae
1517 435 1556 470 de
1587 449 1672 473 more
1698 437 1790 472 splent
1815 441 1982 487 triumphos
2033 446 2035 448 ’

1237 481 1385 517 adornare
1405 494 1499 518 mceo.

1286 531 1335 565 Ex
1354 531 1412 566 hac
1423 532 1517 578 Regii
1527 534 1640 575 Jubilaei
1650 533 1845 577 institutione,
1866 532 1983 571 factum
1995 545 2172 582 Eteemosyna

1237 578 1357 614 videtur
1369 579 1453 628 quod
1471 582 1555 616 annis
1571 580 1691 629 singulis
1707 584 1737 618 in
1759 586 1862 620 Coena
1878 585 1986 620 Domi·
1995 589 2106 624 Regum
2142 584 2178 628 in·
2200 622 2207 629 ,

1237 628 1280 669 ni,
1302 628 1399 675 vulgo
1416 632 1564 677 Quum?
1576 631 1765 680 mm,
1783 635 1884 679 Reges
1893 633 1987 669 nostri
1998 627 2087 654 Coena
2095 626 2209 656 D⁰¹¹¹¹¹²¹

1238 676 1329 724 usque
1343 677 1433 712 hodie
1447 679 1667 726 eleemosynam
1683 681 1834 725 facientes,
1849 691 1897 717 tot
1913 695 1987 730 pau-
1997 665 2079 694 unde.

1239 737 1325 771 peres
1336 726 1418 762 veste
1431 731 1464 762 ὅ(
1481 728 1540 763 cibi
1561 727 1675 764 ferculo
1690 730 1806 765 donant
1817 756 1829 774 ‚
1847 742 1922 778 quot
1942 733 1987 779 ip-

1239 772 1325 808 simet
1341 786 1412 810 tunc
1429 778 1524 812 aetatis
1540 790 1634 813 annos
1671 779 1789 825 egerint
1804 792 1814 822 3
1846 779 1988 827 smgulos-

1238 835 1299 869 que
1317 824 1445 860 totidem
1459 826 1575 874 insuper
1593 827 1730 869 denariis,
1745 826 1828 861 velut
1837 839 1987 865 armorum

1240 872 1387 907 rationem
1423 874 1498 910 dum
1515 875 1556 910 ad
1580 873 1865 925 quinquagesmmn
1889 878 1989 913 venia-

1240 928 1302 962 tur,
1332 922 1544 960 conservaturi.
1592 926 1721 960 Annum
1756 934 1859 959 tamen
1892 925 1990 971 ipffim

1240 968 1535 1016 quinquagesimum,
1555 986 1648 1008 nemo
1663 977 1676 1016 (
1692 973 1776 1021 quod
1788 971 1900 1017 stiam)
1917 973 1992 1010 alius

1241 1028 1328 1051 more
1344 1021 1457 1059 Juhilaei
1475 1020 1643 1056 celebravit.

1290 1066 1366 1102 Non
1383 1078 1487 1103 autem
1497 1068 1566 1104 dico
1581 1069 1721 1106 Lavandi
1737 1083 1857 1106 morem
1873 1070 1923 1106 sed
1934 1083 1990 1106 nu-

1242 1115 1379 1150 merandi
1406 1129 1553 1164 pauperes
1581 1118 1621 1153 ad
1640 1120 1734 1155 aetatis
1759 1120 1910 1154 rationem
1924 1118 1991 1164 jam

1242 1162 1378 1210 coepiss‘e.
1427 1167 1603 1201 lavationis
1619 1168 1702 1202 enim
1712 1168 1885 1202 ceremonia
1901 1168 1991 1203 valde

1242 1211 1286 1246 est
1303 1214 1438 1262 antiqua,
1461 1227 1531 1250 cum
1546 1215 1629 1261 apud
1640 1216 1801 1251 Pontifices
1822 1217 1993 1259 Romanos,

1241 1269 1309 1341 ‘tium
1337 1263 1419 1309 apud
1436 1264 1534 1310 Impp.
1557 1275 1592 1299 ut
1608 1263 1712 1311 postea
1730 1263 1841 1300 videris
1857 1265 1889 1299 in
1905 1269 1993 1309 Man-¹

1278 1320 1344 1345 tum.

1289 1354 1314 1403 J
1336 1356 1470 1405 Juchus,
1491 1363 1525 1395 &
1554 1357 1676 1402 Jochus.
1698 1359 1716 1406 ]
1751 1365 1891 1407 therum.
1907 1359 1992 1404 Ter?

1243 1417 1285 1439 rae
1303 1408 1405 1451 portio
1420 1420 1489 1454 quae
1501 1408 1616 1452 junctis
1628 1409 1849 1444 duobusbubus
1865 1422 1928 1444 uno
1939 1410 1990 1446 die

1242 1452 1362 1495 colitur,
1384 1465 1475 1501 atque
1504 1456 1573 1489 inde
1592 1468 1696 1490 voces:
1732 1469 1805 1491 nam
1837 1461 1925 1500 {aaz
1956 1462 1990 1494 ὃ(

1244 1504 1329 1546 30εῆ
1347 1502 1533 1545 Teutonice,
1548 1509 1614 1550 joug
1631 1503 1748 1539 Gallice
1762 1530 1774 1547 ,
1791 1509 1888 1551 jugum
1905 1508 1990 1541 Lati—

1244 1551 1293 1593 ne,
1315 1562 1429 1586 notant.
1477 1553 1607 1587 Centur.
1634 1552 1774 1588 Alaman.
1797 1554 1904 1589 Chart.
1934 1567 1991 1601 19.

1243 1602 1328 1634 Trado
1344 1604 1382 1634 ad
1397 1603 1583 1644 monasterium
1601 1606 1620 1635 S
1635 1606 1708 1636 Galli
1858 1603 1876 1637 8
1897 1607 1991 1647 juchos

1243 1660 1321 1682 terrae
1330 1653 1432 1692 statim
1444 1655 1476 1683 in
1484 1654 1535 1693 jus
1545 1653 1700 1693 monasterii
1715 1653 1879 1699 redxgmdm
1894 1652 1930 1688 ὅ
1947 1667 1991 1686 ac-

1245 1704 1303 1744 cepi
1319 1701 1382 1732 inde
1399 1701 1465 1731 alios
1480 1698 1499 1733 8
1508 1701 1602 1742 juchos
1613 1705 1644 1733 in
1662 1706 1813 1746 Durgouve.
1837 1701 1878 1734 Et
1885 1701 1993 1735 Chart.

1247 1748 1306 1781 26.
1354 1750 1440 1781 Dedtt
1470 1754 1564 1792 itaque
1580 1749 1654 1782 nobis
1677 1750 1729 1794 ipft
1755 1751 1886 1795 praefatus
1918 1751 1992 1783 homo

1245 1801 1346 1842 Notger
1355 1798 1449 1840 juchos
1466 1809 1514 1843 92
1528 1809 1575 1830 nos
1592 1812 1632 1833 ex
1649 1800 1736 1841 nostra
1756 1809 1837 1843 parte
1857 1798 1994 1834 debuinuae

1245 1847 1285 1879 im·
1303 1851 1400 1892 jugera
1418 1845 1448 1881 8.
1471 1850 1518 1880 illa
1542 1851 1627 1880 etiam
1647 1849 1686 1880 ad
1699 1847 1884 1892 stapradiflum
1901 1861 1994 1881 nume-

1244 1908 1306 1931 rum
1324 1897 1504 1941 complendum
1517 1895 1591 1928 nobis
1606 1897 1720 1936 dinam,
1736 1894 1793 1930 &a
1820 1895 1926 1930 Chart.
1933 1906 1994 1941 41.
2010 1875 2114 1914 Joebus'

1245 1947 1344 1976 'Unum
1348 1946 1464 1986 juchum
1478 1946 1511 1977 de
1519 1948 1606 1977 vinea.
1618 1943 1724 1977 Chart.
1741 1954 1993 1988 42.-·—-—ara-

1245 2005 1274 2023 re
1286 1993 1348 2023 duos
1358 1993 1449 2033 jochas
1465 1998 1497 2025 in
1515 1997 1601 2023 Anno.
1618 1990 1723 2023 Chart.
1736 1991 1792 2036 83.
1910 2005 1993 2026 tmmn

1238 2039 1351 2081 juchum
1381 2051 1466 2079 arem,
1502 2036 1538 2072 &
1573 2051 1634 2071 cum
1651 2039 1756 2078 semine
1787 2052 1844 2072 meo
1858 2040 1992 2079 seminem

1245 2084 1329 2120 Vide
1346 2089 1461 2131 Jugum,
1478 2089 1510 2121 ὃ(
1529 2089 1646 2125 Jornale.

1294 2129 1318 2178 ff
1341 2131 1458 2172 Judex.
1483 2133 1501 2178 ]
1525 2134 1586 2166 Pro
1602 2138 1737 2174 Juratore.
1783 2133 1859 2168 Inde
1875 2137 1986 2174 Judices

1245 2180 1386 2216 dicuntur
1402 2179 1641 2217 Duodecemviri
1666 2182 1718 2230 qui
1743 2182 1773 2215 in
1795 2177 1988 2229 disquirendo

1247 2240 1378 2272 reatum,
1401 2229 1439 2263 de
1454 2228 1539 2265 facto
1554 2230 1636 2276 apud
1653 2243 1706 2265 nos
1721 2229 1857 2276 judicant
1875 2233 1908 2265 &
1922 2244 1995 2280 cog-

1246 2279 1380 2313 noscunt
1427 2280 1476 2313 Sic
1493 2279 1629 2326 intelligo
1638 2280 1740 2328 legem
1753 2280 1880 2315 Henrici
1895 2293 1909 2315 1
1917 2308 1924 2315 .
1936 2283 1992 2317 Ca.

1250 2329 1282 2363 6.
1299 2331 1411 2368 Judices
1420 2330 1489 2370 sone*
1512 2343 1563 2363 non
1579 2329 1673 2363 debent
1690 2333 1740 2374 effe
1757 2332 1809 2371 mfi
1823 2343 1886 2375 quos
1909 2335 1994 2377 impe-

1248 2383 1316 2410 mus
1332 2381 1453 2423 elegerit,
1475 2391 1523 2412 nec
1530 2377 1608 2424 pri'ies
1638 2382 1766 2413 audiatur
1782 2382 1827 2411 vet
1848 2382 1996 2423 judicetur,

1248 2425 1330 2470 quim
1348 2429 1399 2470 ipst
1414 2430 1549 2471 eligantur
1562 2442 1571 2458 :
1609 2424 1644 2460 &
1671 2433 1720 2472 qui
1736 2430 1826 2460 electis
1853 2429 1996 2469 constntire

1247 2476 1395 2516 dtstulerir,
1413 2478 1499 2508 nullus
1517 2481 1544 2509 ei
1561 2482 1747 2516 communicet,
1769 2478 1814 2508 vel
1828 2475 1995 2521 obtemperet,

1248 2520 1305 2555 &c.
1319 2524 1457 2563 sententia
1469 2527 1564 2556 vincat
1578 2525 1768 2568 plurimorum,
1789 2536 1837 2556 nec
1847 2526 1937 2567 judex
1953 2528 1994 2566 fit

1248 2575 1336 2616 impar
1355 2577 1473 2604 muneris
1491 2584 1539 2605 nec
1558 2576 1620 2614 jure
1636 2574 1780 2615 dtffimilis,
1796 2569 1853 2605 &c.
1888 2572 1995 2607 Priskae

1249 2618 1324 2664 legis
1334 2618 1423 2654 hodie
1436 2629 1538 2653 manet
1552 2618 1672 2665 justitia.
1687 2617 1856 2657 Postulatus
1868 2621 1949 2654 enim
1957 2620 1996 2656 de

1249 2667 1372 2702 crimine
1400 2667 1519 2714 capitali
1546 2669 1664 2714 respuat
1692 2680 1730 2702 ex
1753 2666 1841 2703 causa
1860 2668 1996 2715 legitima

1248 2726 1398 2763 quotquot
1423 2716 1563 2750 voluerit.
1606 2718 1655 2752 Sic
1672 2718 1706 2751 ὃς
1735 2716 1809 2751 olim
1835 2716 1997 2763 aliquando

1250 2765 1463 2811 peremptorie,
1485 2765 1561 2800 dum
1587 2776 1688 2800 tamen
1705 2764 1802 2811 legale
1830 2764 1911 2800 haud
1931 2766 1996 2799 stib-

1250 2810 1416 2859 terfugeret
1426 2813 1584 2859 judicium.
1631 2812 1689 2848 Sed
1711 2822 1836 2847 cautum
1854 2813 1898 2848 est
1914 2813 1997 2848 dein-

1250 2874 1329 2908 ceps,
1353 2863 1453 2908 primo
1474 2873 1509 2897 ut
1530 2863 1577 2908 36
1596 2875 1657 2897 non
1687 2862 1854 2903 excederet,
1894 2861 1997 2908 postea

1250 2910 1330 2955 (scil.
1341 2911 1415 2945 Stat.
1435 2913 1525 2945 Anno
1540 2923 1583 2947 21
1603 2911 1684 2946 Hen.
1696 2910 1791 2946 8.Ca.
1814 2912 1893 2956 14.)
1909 2921 1943 2946 ut
1951 2911 1997 2946 ul-

1249 2970 1298 2994 tra
1323 2972 1370 2994 20
1390 2972 1454 2993 non
1469 2960 1628 3007 respueret.
1677 2959 1761 2996 Vide
1790 2957 1869 2994 infra
1886 2964 1997 3001 Juraeo-

1250 3023 1300 3043 ΥΒ.

1299 3053 1322 3103 J
1345 3053 1510 3098 Judicium
1523 3055 1648 3105 aquae.]
1687 3056 1770 3092 Vide
1799 3057 1830 3092 in
1854 3054 1998 3103 proximis

1252 3109 1394 3147 Juda'ca‘um
1407 3113 1475 3149 Dei,
1497 3110 1530 3143 ὅ(
1543 3106 1620 3144 infra
1640 3107 1796 3143 Ordalz‘um.

1894 3336 1999 3388 {Do

2196 206 2207 214 ε
