2305 3809
787 159 1056 235 Praefatio
1092 152 1161 216 ad
1200 150 1482 218 Lefforem.

417 289 547 339 facile
568 286 730 337 adduci
751 297 930 348 poterat
969 280 1025 328 ad
1057 276 1325 328 credendum
1345 278 1438 328 fieri
1465 277 1585 345 poffe
1615 293 1664 326 ut
1696 278 1970 350 quisquama

418 360 548 424 Lege
565 355 771 415 Naturae,
791 368 834 400 et
855 369 881 399 a
901 354 1019 398 reeta
1033 364 1126 396 tam
1142 346 1278 412 longe
1297 348 1526 397 decederet
1545 349 1731 411 ratione,
1747 364 1794 395 ut
1814 353 1968 399 Deum

419 441 592 489 putaret
615 423 687 472 vel
707 418 877 487 prorsus
898 433 989 465 non
1021 412 1120 473 effe,
1157 413 1230 460 vel
1267 431 1358 462 non
1385 417 1641 466 colendum.
1716 419 1965 466 Permultos

419 495 602 562 quidem
632 488 891 541 autumabat
922 483 1114 545 reperiri,
1150 483 1228 548 qui
1265 483 1323 528 ita
1349 484 1490 530 vitam
1523 484 1812 546 instituerint,
1848 505 1900 536 ac
1930 483 1964 535 fi

418 564 564 612 nullus
584 559 684 609 esset
711 562 754 604 in
774 553 912 602 Coelis
927 567 1075 599 rerum
1106 549 1401 598 humanarum
1417 549 1591 600 Arbiter
1609 571 1659 601 ac
1680 554 1962 616 Moderator‚

417 635 493 699 qui
511 646 614 698 quae
628 643 707 673 nos
735 625 806 671 hic
829 623 1023 687 gerimus
1045 616 1118 667 vel
1147 618 1322 667 audiret
1356 617 1430 666 vel
1462 617 1753 683 dignosceret,
1785 624 1964 673 Vindex

412 700 622 747 scelerum
643 709 684 741 et
704 693 959 742 Praemiator
973 691 1091 736 redte
1109 684 1331 735 factorum
1349 709 1360 745 ;
1376 685 1447 734 sed
1464 700 1613 735 tamen
1626 686 1703 734 ubi
1719 690 1841 738 stiam
1859 710 1966 741 con-

415 766 642 815 scientiam
658 759 883 813 consulere
902 755 1056 817 vellet,
1092 757 1318 803 neminem
1350 752 1391 802 se
1423 754 1583 819 judice
1617 753 1787 804 absolvi
1823 757 1959 821 posse,

413 836 522 903 quin
544 831 622 879 sub
642 828 888 878 domestico
905 838 1087 884 tortore,
1121 821 1272 872 saevius
1295 824 1479 888 vapulet
1493 840 1633 894 quam
1652 821 1683 870 fi
1699 823 1801 872 saxo
1814 824 1964 884 saliat3

412 904 486 951 has
505 897 589 949 effe
609 899 738 948 taedas
753 896 967 955 ardenteS,
1000 894 1075 941 has
1113 890 1327 941 furiarum
1368 889 1499 954 faces,
1534 891 1697 962 quibus
1731 892 1964 955 improbo·

414 989 514 1018 rum
536 983 706 1017 mentes
723 966 837 1016 adeo
866 965 1184 1031 inquietantur,
1248 976 1296 1007 ut
1315 961 1527 1030 quicquid
1564 978 1762 1027 unquam
1791 979 1962 1009 metues

414 1042 498 1088 rint
517 1036 626 1085 mali
641 1036 810 1099 semper
825 1035 1078 1095 expectent,
1093 1045 1136 1078 et
1154 1028 1377 1079 Ultricem
1398 1030 1584 1092 Nemesin
1621 1031 1867 1078 accinctam
1879 1030 1960 1078 fla-⁷

412 1108 533 1173 gello
549 1120 649 1155 ante
667 1102 822 1152 oculos
841 1099 996 1150 versari
1016 1099 1275 1148 arbitrentur
1291 1124 1304 1156 ,-
1338 1113 1493 1147 contra
1507 1097 1617 1147 nihil
1631 1097 1715 1145 dici
1729 1096 1866 1160 poffe,
1887 1095 1959 1146 vel

415 1179 548 1223 tutius
563 1174 634 1223 vel
653 1172 836 1222 securius
856 1208 871 1231 ,
907 1172 1063 1218 animo
1093 1166 1170 1217 fibi
1205 1166 1319 1216 bene
1344 1161 1551 1225 consci03

1958 255 2075 260 —-—
2082 256 2102 264 =
2105 254 2189 264 ...τ-,εε-

555 1312 641 1360 Hic
673 1311 810 1357 Murus
829 1307 981 1354 aheneus
1007 1306 1096 1372 esto,
1132 1304 1213 1355 Nil
1244 1304 1398 1368 conscire
1409 1303 1484 1370 fibi
1515 1326 1528 1362 3

679 1381 725 1428 Si
749 1373 902 1443 frassius
916 1376 1092 1422 illabatur
1112 1372 1219 1422 Orbis

677 1445 916 1510 impavidum
925 1441 1067 1510 ferient
1084 1443 1222 1505 ‘Ruina
1241 1457 1254 1489 z

405 1584 545 1630 Porro
564 1589 679 1625 verae
698 1578 874 1622 Pietatis
895 1573 1040 1619 studio
1062 1611 1075 1632 ‚
1109 1588 1251 1637 quam
1266 1586 1369 1619 ante
1387 1575 1552 1621 omnia*
1564 1573 1701 1622 coluit
1720 1573 1864 1625 noster
1879 1591 1956 1624 ve*

407 1643 612 1696 nerabilis
643 1648 809 1706 Eques,
841 1639 1045 1706 adjunxit
1076 1655 1278 1688 amorem
1306 1638 1517 1695 veritatis,
1553 1658 1693 1700 quam
1727 1642 1898 1700 prorsus
1912 1645 1958 1688 in

405 1718 610 1766 animum
648 1708 889 1759 inducebat
922 1706 1005 1757 effe
1024 1705 1152 1756 Bafin
1180 1712 1230 1755 ἀ
1257 1704 1616 1754 Fundamentum
1635 1708 1845 1755 omnium
1864 1709 1960 1756 Vir-

405 1798 568 1831 tutum.
643 1779 984 1829 Simulationem
1003 1789 1156 1824 autem
1174 1781 1224 1824 δι
1248 1772 1655 1823 Diffimulationem
1686 1776 1876 1823 omnino
1891 1793 1960 1822 re-

404 1850 605 1918 fugiebat
624 1865 841 1913 tanquam
856 1844 996 1895 hostes
1009 1842 1183 1894 candidi
1216 1849 1267 1893 &
1296 1840 1446 1906 pudici
1461 1845 1614 1911 animi,
1650 1848 1698 1891 &
1714 1859 1813 1906 quae
1830 1860 1960 1909 mag-

399 1923 633 1970 nanimum
655 1922 807 1983 pectus
828 1918 1015 1964 minime
1033 1914 1258 1963 decerent.
1326 1910 1499 1960 Verum
1530 1915 1762 1961 enimvero
1783 1928 1832 1959 ut
1862 1927 1958 1960 rem

399 2006 584 2037 omnem
604 1989 752 2052 paucis
768 1983 1100 2042 absolvamNir
1113 1981 1194 2030 fuit
1213 1984 1324 2030 inter
1338 1981 1496 2030 dmitos
1513 1980 1957 2041 Nobiliffimus,inter

403 2055 593 2106 Nobiles
608 2055 878 2105 doctiffimus
900 2094 913 2115 ,
944 2055 1055 2102 inter
1070 2051 1281 2115 utrosque
1300 2051 1495 2114 optimus
1511 2072 1524 2107 ς
1559 2047 1628 2099 sed
1648 2049 1704 2098 de
1722 2047 1786 2097 his
1802 2055 1850 2098 δι
1868 2047 1953 2096 hu-

401 2124 646 2190 jusccmodi
689 2124 788 2173 satis
820 2122 1035 2187 superque
1056 2160 1069 2182 ,
1115 2124 1255 2169 tutius
1286 2122 1407 2167 enim
1445 2124 1494 2167 δι
1526 2115 1766 2184 religiosius
1799 2114 1949 2177 fuerit,

403 2191 557 2242 filentii
588 2191 865 2243 observantia
896 2188 1196 2254 supprimere,
1251 2187 1376 2251 quod
1418 2185 1535 2253 stylo
1563 2190 1840 2235 committere
1858 2203 1951 2236 non

407 2261 560 2324 ausim,
595 2262 650 2310 ad
683 2258 1076 2325 exemplumistius
1093 2257 1251 2307 eruditi
1270 2257 1470 2316 Pistoris,
1506 2258 1584 2320 qui
1599 2255 1702 2305 velo
1720 2255 1949 2305 inumbra-

400 2333 466 2378 vit
485 2331 610 2394 quod
648 2329 860 2379 Penicillo
884 2330 1073 2392 exprimi
1104 2323 1224 2390 poffe
1263 2323 1534 2389 desperabat.
1618 2322 1759 2388 Qod
1775 2323 1830 2371 ad
1849 2341 1948 2387 per-

401 2397 552 2447 sonam
573 2402 665 2461 ejus
708 2402 861 2448 attinet
881 2436 894 2457 ,
948 2401 1086 2445 inerat
1118 2398 1163 2442 in
1196 2393 1325 2443 vultu
1357 2392 1557 2442 severitas
1591 2390 1796 2458 quaedam
1832 2392 1948 2438 mira

399 2469 659 2516 amoenitate
684 2481 950 2532 temperata,
968 2467 1128 2512 Peetus
1142 2477 1293 2511 autem
1309 2461 1371 2508 nil
1387 2477 1477 2509 non
1496 2458 1793 2509 suaviffimum
1808 2461 1948 2507 conti-r

400 2535 534 2584 nebat
551 2562 564 2593 3
600 2540 807 2600 Corpore
829 2532 1013 2583 robusto
1030 2548 1073 2582 et
1093 2531 1252 2581 decora
1271 2532 1530 2594 proceritate
1561 2525 1660 2586 fuit,
1695 2545 1775 2576 nec
1796 2531 1943 2575 minus

397 2601 667 2665 fortitudine,
703 2621 843 2672 quam
859 2605 1018 2652 caeteris
1049 2600 1286 2650 virtutibus
1318 2599 1485 2655 clarus3
1521 2593 1695 2662 Effigiei
1734 2599 1826 2662 ejus
1859 2600 1944 2645 Ar-

401 2671 644 2740 chetypum
663 2674 813 2722 videre
843 2671 944 2720 licet
977 2687 1109 2736 penes
1141 2666 1512 2718 humanissimum
1551 2669 1699 2715 virum
1730 2663 1943 2714 Henricum

405 2743 664 2802 spelmannum
699 2742 987 2806 Armigerum
1003 2779 1016 2800 ,
1063 2740 1135 2787 cui
1153 2742 1280 2787 Pater
1294 2734 1378 2784 fuit
1397 2737 1555 2784 Clemens
1574 2735 1832 2798 spelmannus,
1861 2734 1940 2800 qui

408 2810 600 2858 Munere
620 2812 804 2859 Baronis
824 2810 1049 2869 Scaccarii‚
1081 2823 1295 2873 regnante
1310 2806 1439 2854 carolo
1454 2802 1660 2863 secundo,
1680 2801 1836 2850 multis.
1849 2805 1943 2851 An·-

406 2876 473 2921 nis
491 2873 695 2926 fidissime
708 2876 949 2927 defunetus
969 2874 1046 2925 est.
1863 2916 1866 2918 ,

457 2941 586 2989 Obiit
604 2942 745 2990 noster
764 2949 907 2995 Heros
923 2942 1201 3012 oetogesimo
1219 2942 1351 2990 aetatis
1372 2944 1524 3002 Anno,
1538 2953 1581 2988 et
1595 2935 1718 3005 quod
1736 2936 1938 2994 excurrit,

412 3010 618 3073 Sepultus
639 3008 757 3057 estin
774 3012 960 3059 Ecclesia
990 3013 1246 3080 Collegiata
1264 3012 1320 3059 sn·
1356 3009 1469 3058 (Petri
1501 3008 1631 3071 apud·
1658 3003 1937 3068 Westmonaste-

408 3080 541 3145 rienfi’s
566 3085 646 3140 24⁰
679 3077 752 3124 die
781 3076 971 3137 onohrn,
1011 3086 1155 3140 216412
1219 3084 1342 3143 juxta
1359 3076 1538 3123 Ostium
1557 3070 1752 3134 Capellae
1773 3072 1935 3117 Sancto

409 3146 574 3196 Nicolao
589 3146 729 3207 sacrae,
748 3147 835 3205 viz.
869 3146 913 3190 in
939 3142 1078 3192 insula
1108 3143 1386 3192 meridionali
1420 3138 1667 3201 transversa,
1702 3140 1756 3186 ad
1772 3137 1935 3200 pedem

407 3216 662 3275 Columnae‚
698 3233 722 3262 e
743 3215 954 3279 Regione
984 3214 1272 3261 Monumenti
1299 3211 1545 3259 camdeniani.
1620 3206 1810 3272 Insignia
1841 3209 1933 3271 ejus

405 3285 611 3334 militaria
626 3282 793 3331 sublata
821 3281 915 3329 sunt
949 3279 1005 3330 ad
1027 3280 1239 3348 erigenda
1270 3284 1485 3345 Pegmata
1511 3280 1556 3326 in
1576 3278 1928 3326 Coronationem

407 3355 544 3419 Regis
557 3354 677 3403 Caroli
694 3350 883 3401 secundi.
1815 3346 1933 3406 Opera
