2305 3809
211 212 2193 248 Ν*

295 266 413 331 256

206 536 382 568 Differentia.

212 1027 347 1053 umorum
361 1019 410 1046 ad-

211 1058 387 1094 ministrator,

211 1109 278 1137 quis.

215 1503 406 1534 Renuntiatio.

965 249 1174 311 Henrici
1216 249 1256 309 S
1253 246 1496 332 pelmannz'

432 384 507 418 dum
518 395 619 418 tamen
636 394 697 416 non
708 377 852 413 inferatur
865 375 954 409 tertio
965 372 1172 420 praejudicium

434 434 478 466 uti
490 431 606 478 agnatis
618 431 648 463 in
664 427 791 474 antiquis
806 423 920 466 feudis,
937 421 1055 457 filiabus
1068 419 1104 465 (fi
1113 421 1173 455 hoc

433 480 551 514 di&um
565 477 609 515 fit)
623 478 653 511 in
670 475 774 517 novis,
786 477 818 508 ὃ(
827 474 871 507 his
880 471 918 505 de
929 470 1037 517 quibus
1047 469 1174 514 pactum

435 528 489 569 est,
506 529 536 561 in
550 525 684 571 utrisque.
732 523 814 557 Hinc
825 521 935 565 exigua
946 518 996 552 issa
1007 514 1176 551 differentia

437 578 513 610 inter
529 575 671 608 Generhios
683 575 714 605 &
730 568 864 603 vassallos
886 566 1028 608 feudales,
1042 565 1081 599 de
1094 564 1176 611 cujus

436 625 522 670 {upra
534 622 730 656 meminimus.
755 619 945 663 Quanquam
964 615 1046 650 enim
1072 613 1177 661 aliquis

436 673 467 706 in
480 672 670 705 Ganerbiorum
678 667 847 701 speietatem
865 675 1014 712 acceptus,
1025 666 1057 697 &
1066 662 1177 697 condo-

437 721 533 754 minus
548 716 645 751 fatShis
661 713 771 757 fuerit,
806 715 838 748 in
863 714 927 749 aliis
961 723 1064 747 tamen
1090 711 1178 745 rebus

437 780 497 800 non
509 775 643 799 mutatur
659 762 784 811 persona
808 762 881 808 ejus,
900 775 956 797 nec
967 758 1103 796 vassallus
1121 757 1178 793 esse

435 813 540 848 definit
555 813 661 859 prioris
678 812 793 846 domini
810 812 862 852 sui,
879 824 935 845 nec
955 809 1113 856 privilegia
1142 810 1180 842 ssc

437 862 548 907 regalia
562 874 631 908 quae
649 861 688 895 ab
700 860 931 907 Imperatoribus
948 869 1048 893 totum
1060 857 1181 891 obtinu-

437 911 493 944 erit
518 909 770 944 condominorum
792 908 967 954 collegium,
993 905 1180 953 singulorum

437 959 524 1000 fiunt,
546 957 594 992 sed
612 959 722 1005 pariter
734 957 881 992 omnium.

486 1007 569 1041 Solet
588 1018 688 1040 autem
705 1006 870 1053 plerunque
885 1005 962 1039 inter
987 1016 1038 1038 eos
1057 1003 1110 1050 qui
1126 1007 1182 1035 Ga-

439 1057 606 1090 nerbinatum
618 1054 800 1089 constituunt
817 1079 828 1095 ,
853 1066 890 1088 eo
924 1051 1088 1087 convenire
1105 1051 1183 1083 inter

437 1105 476 1145 se,
499 1115 532 1138 ut
551 1104 699 1137 maximus
727 1114 801 1137 natu
817 1103 848 1136 in
870 1115 906 1136 ea
923 1111 1015 1148 gente
1032 1099 1066 1134 fit
1088 1097 1184 1132 admi-

438 1151 576 1187 nistrator
589 1153 739 1186 bonorum
759 1165 769 1195 3
793 1155 825 1185 &
859 1163 916 1197 pro
939 1161 1031 1184 onere
1056 1146 1185 1182 admini-

440 1201 586 1235 strationis
620 1211 738 1247 partem
782 1200 914 1244 aliquam
944 1196 1102 1232 fru&uum
1131 1193 1185 1228 fibi

441 1250 550 1284 habeat
568 1250 769 1296 praecipuam:
793 1247 898 1295 reliqui
916 1244 1032 1280 studius
1050 1243 1185 1278 dividan-

444 1309 493 1332 tur
505 1298 597 1343 aequis
615 1296 801 1343 portionibus
827 1296 903 1329 inter
921 1306 1024 1328 omnes
1060 1291 1187 1339 gentiles

443 1351 475 1380 ἃ
508 1356 636 1391 agnatos
651 1371 662 1386 ‚
703 1345 757 1390 qui
785 1343 910 1391 quidem
945 1343 1012 1377 sunt
1039 1341 1165 1388 puberes
1177 1365 1187 1381 ,

444 1394 577 1429 maxime
590 1392 610 1427 fi
623 1393 671 1427 vel
690 1391 800 1435 studiis,
824 1390 874 1425 vel
903 1391 945 1425 rei
970 1390 1094 1425 militari
1114 1388 1188 1422 dent

445 1455 576 1490 operam.

494 1492 634 1537 Denique
661 1488 841 1525 fraternitati
877 1492 909 1523 ὃς
941 1485 1191 1522 confoederationi

444 1541 519 1574 inter
544 1539 740 1573 condominos
775 1537 942 1572 renuntiari
966 1536 1064 1583 potest
1096 1534 1136 1569 ab
1153 1546 1191 1567 eo

445 1590 577 1635 quinon
612 1587 741 1634 amplius
773 1586 845 1620 libet
866 1587 897 1619 in
923 1584 972 1618 illa
996 1584 1133 1618 societate
1159 1584 1191 1615 &

446 1636 659 1672 communione
694 1634 785 1669 stare:
823 1633 869 1669 uti
897 1632 1038 1679 quaelibet
1073 1630 1194 1665 societas

447 1685 668 1719 renuntiatione
679 1683 794 1718 tollitur
807 1680 833 1728 §.
847 1693 948 1716 manet.
968 1684 1040 1724 Just.
1058 1682 1089 1713 de
1098 1680 1191 1720 ficiet.

449 1734 590 1768 Similiter
614 1736 645 1766 ἃ
658 1732 722 1777 jam
735 1731 754 1766 a
771 1731 889 1765 rediere
908 1728 968 1764 five
978 1729 1103 1763 domino
1119 1726 1195 1761 illius

450 1782 525 1817 arcis
535 1783 566 1816 in
576 1794 636 1827 qua
653 1782 850 1814 Ganerbinatus
863 1778 906 1813 est
915 1776 1100 1818 constitutus,
1122 1775 1195 1809 libe-

454 1831 578 1871 rabitur,
601 1830 836 1870 renunciatione,
860 1826 992 1862 Conrad.
1011 1823 1155 1860 Ritterlh.
1172 1825 1197 1857 d.

454 1892 510 1925 cap.
535 1892 546 1914 1
557 1891 586 1924 7.
593 1890 641 1924 per
650 1878 757 1911 tot.Ubi
771 1876 858 1911 fimul
869 1875 960 1910 tradit
971 1872 1197 1909 discernendum

455 1926 513 1961 effe
530 1928 744 1961 Ganerbinatum
760 1925 778 1960 a
794 1925 887 1973 pacto
899 1923 982 1971 quod
1007 1932 1118 1958 vocant
1134 1925 1200 1960 Φε-

456 1980 649 2023 beinigung,
662 1985 816 2021 receptum
828 1973 870 2007 est
881 1974 956 2007 inter
983 1970 1110 2006 familias
1125 1983 1201 2018 quo-

457 2026 588 2059 rundam
601 2024 772 2070 Principum
792 2021 829 2055 de
838 2033 900 2067 quo
912 2019 991 2054 Gail.
1003 2033 1033 2054 2.
1045 2020 1097 2060 obs
1118 2032 1130 2053 1
1141 2030 1200 2063 27.

460 2072 588 2120 Itemq3a
600 2071 747 2117 majoratu
757 2073 788 2103 ὅ(
801 2069 903 2115 legato
913 2066 1035 2102 familiae
1044 2077 1078 2101 ut
1090 2066 1203 2100 ibidem

460 2120 680 2169 explicat.Vide
693 2120 940 2165 Hottomannum
959 2117 990 2150 in
999 2118 1203 2156 Lemo-feuda-

460 2176 481 2204 li
500 2171 581 2204 verb.
593 2171 717 2202 Haeredes
733 2170 916 2207 accelerantes,
938 2165 993 2199 ubi
1015 2164 1126 2210 allegat
1161 2163 1204 2197 lo-

461 2232 533 2252 cum
545 2218 618 2264 juris
635 2216 774 2251 Saxonici
791 2221 880 2248 Artic.
909 2226 922 2247 1
932 2225 962 2258 7.
1007 2213 1048 2246 Et
1058 2210 1206 2246 Modesti-

462 2280 532 2301 rum
563 2265 684 2301 Pistoris
702 2277 730 2310 p.
746 2277 773 2298 1.
786 2266 870 2305 confil.
883 2274 942 2296 21.
959 2275 1003 2295 nu.
1017 2271 1078 2306 45.
1095 2259 1130 2295 ἔθ’
1143 2271 1204 2304 42.

464 2317 541 2351 Haec
555 2316 571 2349 ὲ
591 2313 726 2348 Matthia
742 2311 1042 2358 SoephanPomeran.
1058 2308 1206 2343 Traetde

459 2363 606 2409 Jurisdi&
626 2363 674 2396 lib.
696 2375 728 2396 2.
750 2373 811 2408 par.
831 2372 859 2394 1.
880 2371 923 2393 ca.
939 2372 970 2393 2.
991 2357 1105 2392 memb.
1127 2370 1157 2403 3.
1175 2367 1206 2390 at

464 2426 525 2446 non
539 2413 594 2446 fuis
610 2411 722 2457 ubique
731 2409 841 2450 verbis,
858 2407 908 2442 {ed
922 2405 994 2441 alias
1002 2405 1120 2450 auxius,
1138 2404 1207 2440 alias

464 2460 644 2501 contr-axius,
656 2469 689 2493 ut
704 2457 806 2492 nostro
825 2456 924 2503 magis
935 2455 1110 2490 conveniret
1127 2452 1208 2489 insti-

467 2509 661 2542 tutoAddam
670 2507 744 2540 vero
756 2505 839 2552 quod
851 2502 1091 2550 Gloffographus
1102 2504 1140 2539 ad
1155 2516 1167 2537 1
1177 2515 1209 2548 7.

468 2557 559 2590 Artic.
573 2558 593 2589 S
616 2555 692 2590 eculi
704 2554 842 2589 Saxonici
859 2551 970 2594 afferit,
992 2553 1138 2587 Ganerbios
1151 2551 1210 2585 dici

467 2605 549 2651 quod
576 2606 582 2612 '
608 2616 698 2638 orum
736 2602 891 2637 haereditas
925 2600 1093 2642 descendit,
1148 2612 1209 2634 non

465 2653 594 2688 ascendit
604 2679 613 2694 ,
626 2657 685 2687 &c.

514 2699 537 2747 ς
561 2699 680 2746 Gansa,
697 2703 729 2734 &
740 2694 977 2745 Ganfhapich.]
1004 2698 1075 2731 Hoc
1093 2698 1125 2731 in
1143 2698 1210 2731 Boi-

466 2763 510 2785 or.
529 2752 596 2784 LL.
609 2750 677 2784 Tit.
694 2762 754 2785 20.»
769 2745 796 2793 ᾗ.
817 2761 849 2781 2.
870 2747 1029 2792 exponitur
1041 2771 1052 2787 ‚
1070 2746 1211 2792 accipiter

469 2807 516 2844 qui
533 2801 632 2841 afferes
651 2804 723 2844 capit
739 2813 747 2829 .·
784 2794 866 2842 cujus
897 2798 929 2829 ὅ(
959 2795 1151 2829 meminimus
1180 2795 1211 2828 in

468 2847 548 2881 verb.
597 2855 724 2893 Acceptor
743 2871 753 2887 ,
770 2843 851 2893 quod
878 2842 956 2877 vide.
1004 2842 1082 2876 Illud
1100 2841 1118 2876 ὲ
1136 2854 1212 2876 voce

470 2900 584 2943 Φαηῐξ
600 2909 657 2943 pro
669 2895 781 2935 ansere,
802 2892 964 2927 Germanis
991 2890 1081 2925 hodie
1093 2892 1125 2925 in
1150 2890 1214 2933 usu,

472 2958 534 2978 non
550 2947 646 2979 minus
663 2955 755 2991 quam
767 2941 850 2976 olim.
867 2940 979 2975 Plinius
994 2940 1078 2973 enim
1093 2938 1142 2973 lib.
1160 2953 1172 2974 1
1183 2953 1213 2973 0.

474 3006 515 3026 ca.
529 3006 549 3027 2
556 3006 586 3026 2.
604 2994 639 3026 In
647 2991 814 3026 Germania
824 2987 951 3036 (inquit)
965 2988 1078 3023 austres
1085 2988 1215 3029 candidi,

473 3041 563 3073 veritm
572 3047 696 3081 minores,
703 3053 799 3085 ganzae
813 3048 967 3072 vocantur.
995 3040 1124 3085 ᾙᾶῃίςῇ
1135 3037 1216 3072 idem

472 3087 515 3120 est
533 3088 614 3134 quod
633 3088 787 3133 accipiter:
805 3099 858 3119 nos
868 3098 970 3120 autern
982 3100 1003 3134 p
1015 3089 1045 3121 in
1054 3100 1085 3121 w
1098 3096 1216 3120 verten-

475 3135 756 3180 tes,monosyllabice
770 3137 893 3181 1βᾶᾓῖἰῇ
911 3133 1099 3180 proferimus,
1116 3139 1147 3170 &
1160 3147 1217 3181 pro

473 3183 1126 3233 &anmamcb,<113anssjamik,alfflnffiamk.
1174 3185 1217 3217 In.

476 3232 626 3266 Gloflario
643 3234 750 3276 legitur
770 3236 864 3264 Canta
896 3233 1060 3275 γυναιλαέπκξ
1081 3246 1091 3276 3
1113 3231 1161 3267 ssd
1179 3244 1218 3265 an

475 3278 711 3322 emendandum,
720 3280 826 3320 Gniſsi,
840 3278 921 3313 haud
933 3281 1005 3314 scio:
1031 3279 1120 3314 fallor
1138 3280 1219 3313 enim

475 3327 495 3362 ii
515 3326 606 3362 nostri
623 3327 739 3372 aucipes
757 3329 891 3367 &antes
918 3340 979 3361 non
997 3328 1097 3362 dicant
1110 3328 1147 3361 de
1161 3327 1220 3361 alio

477 3377 606 3410 volucre.
654 3377 818 3419 Chenalopcn
843 3385 945 3407 autem
959 3376 1086 3409 anserini
1104 3376 1222 3421 generis

475 3423 532 3458 effe
550 3424 663 3458 Plinius
677 3423 775 3463 docet,
792 3422 844 3455 ubi
855 3422 951 3467 ffipra,
968 3425 999 3454 ὃ(
1025 3428 1124 3457 Οαηιασ
1141 3422 1221 3457 haud

476 3473 609 3508 multum
627 3472 665 3506 ab
683 3483 721 3506 eo
740 3470 903 3516 discrepare
931 3468 1063 3515 suspicor.

1271 367 1295 416 J
1321 367 1497 415 Garatom]
1653 369 1723 403 Nee
1757 370 1830 404 illud
1858 371 1974 406 silentio

1223 420 1366 466 tegimuS,
1379 418 1461 475 quod
1472 416 1634 464 praediAElus
1644 417 1784 452 dominus
1801 413 1929 454 Carolus
1942 421 1974 455 in
2039 447 2041 450 .

1223 464 1352 513 praefato
1363 468 1486 501 retinuit
1512 467 1581 501 loco
1595 491 1606 508 ,
1629 465 1707 507 istud
1738 465 1847 500 scilicet
1860 493 1871 509 ,
1892 468 1975 514 quod

1225 514 1347 561 quando
1365 515 1397 548 in
1412 514 1619 549 Piehvensem
1644 514 1752 549 urbem
1772 514 1873 551 veniet
1885 539 1896 556 ,
1921 515 1975 562 ipfi

1226 562 1367 597 monachi
1384 560 1503 609 praefati
1519 563 1651 597 coenobii
1678 560 1805 597 afferant
1823 562 1865 596 illi
1878 575 1977 608 gantos

1226 624 1302 646 unos
1315 636 1326 653 ,
1355 614 1388 645 δε
1415 609 1490 645 duos
1515 617 1633 653 cereos,
1655 621 1728 646 cum
1761 610 1878 645 duobus
1902 611 1980 645 botis

1227 660 1350 694 nectare
1358 659 1462 707 plenis,
1478 662 1535 693 ὅτε.
1558 664 1674 694 Pre'uves
1686 663 1719 694 de
1728 659 1809 703 l’hxst.
1817 663 1862 694 des
1874 666 1979 694 Comtes

1228 712 1260 742 de
1272 714 1379 743 PoiHou
1391 720 1420 754 p.
1437 721 1449 742 1
1461 720 1521 753 57·
1947 728 1950 731 -

1277 754 1301 802 ff
1324 755 1474 802 Gaola.]
1498 757 1623 798 Carcer,
1647 755 1841 802 ergastulum
1882 757 1978 792 Cam-

1231 805 1376 840 bro-Brit.
1387 809 1462 847 Geol,
1479 804 1676 852 ergastulum,
1687 817 1798 838 carcer.

1279 851 1302 899 ff
1326 851 1490 900 GaPham.
1506 853 1523 900 ]
1548 853 1691 900 Longob.
1710 852 1761 886 lib.
1787 861 1818 886 2.
1835 851 1903 886 Tit.
1919 866 1978 888 21.

1230 902 1249 936 l.
1273 915 1301 949 3.
1328 907 1402 938 Nulli
1421 907 1501 937 liceat
1518 905 1603 936 alium
1613 914 1662 948 pro
1676 904 1730 934 alio
1741 913 1792 947 pro
1805 901 1919 946 quolibet
1937 904 1982 935 de·

1232 952 1288 984 bito
1299 957 1454 997 pignorare,
1470 963 1578 998 excepto
1592 954 1635 984 illo
1647 956 1696 996 qui
1708 954 1810 996 gafans
1841 949 1890 991 effe
1907 954 1984 982 inve-

1231 1007 1318 1040 nitur,
1334 1002 1368 1032 id
1380 1003 1430 1044 est,
1443 1002 1551 1034 eohaeres
1561 1005 1616 1043 ejus
1624 1004 1785 1045 proximior.
1798 993 1894 1032 Gloff
1911 1007 1985 1031 vett.

1232 1050 1382 1090 Gffafflus,
1400 1050 1489 1082 haeres.

1276 1109 1302 1157 ᾖ
1316 1108 1544 1164 βανατίήηςὶ,
1560 1112 1597 1147 al.
1621 1108 1852 1159 Gargathingi,
1870 1108 1986 1147 &Ga-

1233 1158 1404 1206 rathmx.]
1454 1160 1596 1207 Longob.
1621 1160 1671 1196 lib.
1704 1174 1733 1195 1.
1751 1160 1819 1196 Tit.
1839 1160 1906 1206 7.l.
1931 1172 1988 1204 15·

1236 1271 1276 1291 ter
1289 1265 1319 1292 in
1331 1260 1495 1303 garathingi
1510 1283 1522 1301 ‚
1546 1261 1579 1291 id
1604 1261 1651 1300 est,
1666 1258 1810 1299 ficzmditm
1828 1261 1990 1302 qualitatem

1229 1307 1352 1354 perfimae.
1401 1307 1442 1340 Et
1461 1306 1478 1339 l.
1496 1318 1581 1351 prox.
1597 1307 1655 1352 seq.
1676 1318 1732 1339 nec
1747 1318 1810 1339 non
1831 1305 1899 1339 Tit.
1913 1318 1946 1352 9.
1962 1302 1990 1349 ξ.

1242 1368 1271 1401 3.
1321 1360 1353 1388 Si
1370 1360 1497 1400 ingenuus
1517 1358 1622 1396 fuerit,
1644 1358 1761 1400 qualiter
1779 1360 1810 1387 in
1827 1357 1990 1400 garathingi

1237 1405 1414 1436 homicidium
1431 1414 1573 1449 comportat.

1289 1453 1456 1484 Garathinx.
1504 1450 1649 1496 Longob.
1665 1449 1716 1483 lib.
1732 1463 1764 1484 2.
1775 1447 1845 1484 Tit.
1869 1462 1882 1484 1
1892 1462 1923 1494 7.
1935 1448 1989 1483 I.1.

1240 1505 1271 1534 Si
1283 1501 1432 1544 gastaldius
1445 1509 1493 1532 aut
1510 1498 1633 1543 quislibet
1653 1501 1724 1529 aHor
1746 1503 1826 1542 Regis

1240 1550 1348 1593 aliquid
1351 1559 1402 1593 per
1413 1548 1582 1592 garathinx,
1606 1548 1638 1578 id
1653 1547 1690 1587 est
1708 1547 1874 1586 donationem
1888 1545 1922 1577 ab
1938 1549 1991 1578 alio

1241 1609 1392 1642 quocunque
1397 1599 1516 1636 saetam,
1530 1597 1746 1639 conquzfieritfflt
1755 1594 1810 1634 fibi
1815 1593 1928 1637 stabile,
1935 1591 1993 1627 &aa

1243 1644 1313 1678 Lib.
1325 1642 1433 1677 eodem
1445 1642 1513 1677 Tit.
1522 1655 1534 1676 1
1546 1654 1575 1687 5.
1592 1642 1629 1676 l.1
1638 1669 1646 1676 .
1694 1646 1726 1675 Si
1737 1647 1798 1687 quis
1811 1655 1853 1674 res
1859 1642 1924 1682 ficas
1941 1645 1994 1674 alii

1243 1695 1366 1738 thingare
1375 1695 1499 1733 voluerit,
1522 1704 1574 1724 non
1599 1691 1716 1732 abst-cnse*
1732 1715 1742 1732 ,
1770 1692 1804 1723 ed
1818 1701 1881 1723 ante
1899 1690 1995 1723 liberos

1244 1744 1361 1775 homines
1373 1742 1457 1786 ipftcm
1480 1741 1636 1787 garathinx
1651 1743 1752 1780 faciat.
1801 1739 1841 1772 Et
1867 1738 1910 1772 ibi
1927 1737 1946 1772 l.
1965 1750 1995 1784 3.

1245 1794 1320 1824 Nulli
1338 1792 1459 1823 donatori
1492 1792 1572 1822 liceat
1602 1788 1687 1834 ipsum
1704 1790 1788 1821 thinx
1819 1788 1890 1833 quod
1915 1798 1998 1820 antea

1238 1843 1338 1880 fecerit
1351 1863 1362 1880 ,
1385 1838 1484 1872 iteriem
1512 1842 1543 1870 in
1577 1839 1662 1870 alium
1690 1839 1824 1870 hminem
1855 1837 1997 1877 transmit-

1247 1899 1303 1921 tere
1317 1903 1325 1919 :
1350 1898 1458 1921 tantum
1475 1888 1512 1929 est
1548 1897 1579 1919 ut
1608 1889 1652 1919 ille
1679 1892 1727 1931 qui
1755 1885 1912 1931 garathinx
1939 1882 1998 1925 fias:

1249 1942 1346 1982 ceperit
1363 1961 1374 1978 ,
1396 1938 1464 1969 tales
1486 1937 1570 1980 culpas
1593 1947 1644 1966 non
1660 1937 1754 1974 faciat
1783 1935 1904 1967 donatori
1918 1935 1969 1974 fico
1986 1957 1999 1973 ‚

1250 1988 1340 2030 quales
1354 1986 1441 2025 fidene
1463 1981 1568 2029 ingrati
1601 1984 1658 2022 filii
1687 1982 1844 2028 parentibus
1870 1983 1930 2021 ficis
1948 1983 2000 2021 sa-

1251 2046 1318 2067 cere.

1301 2082 1461 2115 Garathinx
1478 2078 1629 2126 (inquiunt
1661 2075 1788 2119 Gloffae)
1817 2080 1923 2111 donatio
1938 2081 2001 2109 uni-

1254 2133 1393 2169 verficatis.
1441 2128 1518 2162 Aliae
1542 2124 1678 2161 Gloffae:
1701 2128 1862 2160 Garathinx
1880 2129 2001 2167 fecerit,

1253 2181 1286 2212 id
1295 2181 1342 2221 est,
1355 2180 1479 2210 donatum
1508 2178 1576 2221 quid
1589 2179 1689 2216 fecerit
1706 2186 1788 2208 extra
1806 2176 1911 2216 histem.
1959 2173 2003 2207 Et

1255 2226 1380 2272 Papias:
1407 2226 1580 2264 Garathinx‚
1593 2225 1696 2258 donum.
1713 2223 1762 2256 Sic
1778 2220 1927 2256 Lindenb.
1943 2219 2004 2254 Sed

1255 2275 1432 2308 cum.Thinx
1451 2271 1621 2319 sunpliciter
1647 2275 1658 2312 (
1668 2271 1814 2306 Saxonice
1834 2266 1942 2316 &mg-3)
1959 2272 2006 2302 de-

1256 2337 1321 2356 num
1335 2326 1367 2357 &
1379 2336 1475 2356 munus
1492 2319 1637 2368 significet
1655 2335 1662 2355 :
1694 2322 1850 2366 garathinx
1874 2316 2004 2364 amplius
2051 2326 2056 2331 ·

1256 2370 1401 2418 quiddam
1417 2369 1654 2416 fignificaturum
1668 2369 1801 2403 videtur:
1817 2365 1896 2401 forte
1908 2380 2005 2400 munus

1256 2421 1378 2461 liberum,
1397 2420 1489 2465 atque
1507 2417 1580 2452 illud
1594 2417 1676 2464 quod
1689 2418 1827 2459 omnino,
1844 2419 1876 2450 ὃ(
1888 2415 2007 2461 integre

1257 2469 1365 2503 datur:
1388 2469 1577 2507 donationems
1585 2475 1619 2499 ut
1633 2466 1777 2512 inquiunt
1789 2461 1903 2498 Gloffae
1916 2464 1928 2502 )
1946 2470 2008 2498 uni·

1258 2520 1390 2558 versitatis
1402 2529 1413 2559 3
1436 2521 1508 2549 Gear
1533 2515 1614 2548 enim
1641 2516 1678 2548 &a
1699 2527 1753 2559 gar
1779 2513 1847 2546 Sax.
1875 2523 1985 2557 geape
1999 2523 2006 2543 :

1258 2572 1375 2606 omnino,
1385 2561 1689 2610 profflas,p0tius,etiam
1703 2561 1785 2607 quod
1792 2569 1936 2608 paratum
1954 2557 2005 2593 est.

1259 2614 1342 2650 Vide
1359 2616 1453 2647 Thinx
1465 2615 1497 2647 &
1508 2614 1653 2647 Perthinx.

1307 2676 1330 2726 ff
1356 2675 1502 2723 Garba.]
1551 2678 1579 2710 A
1609 2674 1691 2710 Gall.
1709 2673 1805 2708 Garbe.
1830 2671 2008 2714 Fasciculus,

1261 2727 1321 2763 five
1334 2727 1350 2761 ὲ
1363 2725 1511 2773 frugibus,
1538 2723 1597 2759 five
1627 2724 1644 2758 ὲ
1675 2723 1771 2768 lignis.
1819 2719 2010 2755 Provinciale

1261 2776 1382 2824 Angliae
1398 2776 1447 2811 lib.
1470 2788 1498 2823 3.
1515 2774 1582 2808 Tit.
1604 2771 1641 2806 de
1659 2771 1781 2805 decimis
1793 2796 1804 2812 ,
1826 2775 1875 2803 Ca.
1892 2773 2011 2810 Enoris,

1262 2823 1291 2872 §.
1313 2838 1342 2860 1.
1483 2827 1599 2868 frugum
1612 2822 1724 2861 fiiarum
1748 2821 1881 2852 decimam
1894 2817 2012 2862 garbam

1253 2877 1395 2916 fhlventes.
1441 2872 1488 2906 Ibi
1497 2868 1626 2904 Guiller.
1638 2865 1828 2902 Lindewode
1843 2880 1849 2900 ;
1863 2871 1913 2899 Hae
1919 2866 2012 2912 garbae

1261 2922 1383 2970 (inquit)
1400 2926 1485 2954 etiam
1515 2921 1553 2952 ad
1567 2917 1706 2958 fafticidos
1723 2921 1770 2961 qui
1795 2917 1826 2948 de
1838 2917 1908 2957 silva
1931 2917 2012 2947 cedua

1257 2972 1428 3012 fierifhlent‚
1453 2969 1565 3002 extendi
1577 2966 1701 3012 postient:
1720 2964 1868 3010 praesertim
1892 2976 1954 2996 cum
1975 2959 2012 2997 &

1263 3022 1365 3053 reditus
1373 3020 1450 3060 filvae
1463 3018 1565 3057 ceduae,
1580 3013 1694 3059 frugum
1714 3017 1820 3046 nomine
1842 3014 2013 3057 appellantia,

1264 3080 1295 3102 ut
1311 3070 1376 3101 dixi
1385 3067 1467 3112 fiapra
1494 3070 1523 3098 in
1555 3060 1629 3110 gloff.
1655 3066 1733 3108 pr'ox.
1764 3061 1832 3094 LL.
1851 3055 2011 3096 'Edouaxdi

1264 3114 1398 3151 Confefl'.
1413 3126 1477 3160 cap.
1500 3112 1528 3147 8.
1554 3118 1596 3145 De
1612 3117 1798 3145 omni-annona
1814 3105 2011 3151 decimagarba

1265 3172 1323 3199 Deo
1335 3165 1424 3198 dehita
1442 3165 1486 3205 est.
1668 3165 1670 3167 ’
1704 3163 1708 3165 ’

1315 3226 1337 3274 J
1362 3224 1523 3271 Gamla]
1573 3231 1644 3258 Puer
1663 3248 1674 3263 ,
1716 3220 1734 3255 ὲ
1752 3219 1824 3253 Gal.
1841 3224 1944 3253 Garcon
1964 3221 2014 3254 seu

1262 3282 1367 3323 garson.
1392 3276 1455 3309 Ital.
1467 3287 1597 3320 garzone,
1619 3269 1699 3304 unde
1718 3267 1926 3302 Graeco-barb.
1953 3281 2016 3309 μιξ-

1268 3324 1366 3370 (ivnon.
1390 3322 1508 3357 Meurs]
1526 3318 1655 3354 Annales
1689 3315 1728 3349 de
1758 3317 1873 3351 Carolo
1899 3318 2016 3350 Bo'emo

1269 3375 1346 3419 Imp.
1363 3378 1454 3405 omnia
1473 3381 1564 3403 autem
1589 3369 1746 3406 inferiorum
1763 3365 1912 3406 mensarum
1932 3376 2017 3410 para-

1270 3434 1373 3462 menta,
1390 3425 1475 3453 etiam
1489 3429 1537 3462 pro
1548 3413 1717 3461 garcionibus
1736 3438 1746 3454 ‚
1768 3416 1801 3447 de
1822 3424 1930 3459 argema
1952 3415 2017 3452 fue-

1272 3480 1341 3502 runt.
1395 3466 1484 3500 Affiffi
1504 3463 1586 3510 panis
1604 3465 1635 3496 ὅ(
1647 3459 1778 3497 cei-vifiae
1791 3463 1850 3496 An.
1861 3473 1903 3507 51
1921 3460 2019 3495 Henr.

1992 3521 2005 3554 Ξ
2016 3538 2019 3542 .

1370 1213 1414 1244 ile
1426 1217 1474 1255 qui
1485 1213 1640 1256 plagaverit
1657 1223 1718 1243 eum
1736 1221 1871 1255 componat
1898 1212 1987 1254 quali-
1997 1205 2005 1212 '
