2305 3809
405 438 512 471 Annus
537 434 594 470 illis
616 433 739 479 duplex,-
761 431 917 467 Naturalis
934 435 967 467 &
984 430 1097 468 Civilis.

353 485 549 525 Naturalem,
564 494 626 516 non
638 479 657 515 ὲ
675 479 761 522 Sole,
787 490 822 514 ut
834 479 959 527 pleraeq3
973 481 1100 524 Gentes,

351 533 400 568 sed
411 533 429 568 a
441 530 533 568 Luna
544 538 671 578 petunt,
684 530 716 563 ὃ(
726 527 766 563 ab
778 541 816 562 eo
824 530 988 576 praestenim
998 531 1097 566 Lunae

355 580 471 617 affeetu
484 592 547 627 quo
558 577 738 624 degentibus
750 578 781 611 in
793 578 1098 620 maritimis‚maxime

352 628 506 665 innotescit
517 628 617 661 Lunae
632 626 728 660 virtus
748 640 755 660 ε
773 625 831 660 hoc
848 625 903 668 est,
928 626 959 660 in
972 625 1097 673 plenilu-

351 679 406 713 nio
417 676 485 724 post
497 674 716 723 aequinoffium
729 673 933 722 autumpnale.
974 676 1009 708 In
1022 675 1097 710 duo-

351 726 406 760 bus
418 725 501 759 enim
511 723 713 772 aequinodtiis,
747 722 834 758 aestus
847 722 947 764 maria
970 725 1022 770 qui
1042 724 1097 760 illis

348 773 492 816 Malinae,
504 773 622 807 Graecis
634 772 817 816 πλημμυέςιι
834 770 1033 818 appellantur,
1045 780 1096 807 ve-

347 822 549 857 hementiores
558 826 744 863 excrescunt,
763 819 855 867 quain
871 819 936 854 aliis
952 822 1096 867 tempori-

347 870 403 904 bus
419 887 428 903 .·
451 869 482 905 in
499 868 690 915 autumpnali
699 867 801 912 vero(
817 867 916 916 inquit
925 871 1031 903 Plinius
1045 869 1094 904 lib.

349 932 382 954 2.
392 924 542 965 ca.97.&
556 930 609 952 nos
622 927 780 963 comperto
790 914 946 960 novimus)
964 918 1094 964 amplius

346 967 441 1014 quam
455 969 486 1002 in
496 979 602 1002 vern0.
613 966 664 1000 Ab
682 966 741 999 hoc
759 965 854 1011 igitur
861 965 936 1000 aestu
954 969 987 1000 &
1000 967 1094 1012 pleni-

346 1016 442 1057 lunio,
459 1015 542 1052 nuod
557 1015 612 1049 illis
639 1014 919 1061 Wmtep-pllhcl)
939 1013 1009 1049 alias
1028 1015 1094 1062 pul-

347 1065 413 1105 let,
431 1064 462 1098 id
471 1057 526 1105 est,
543 1062 683 1110 hyemale
699 1063 808 1097 dicitur
822 1062 1022 1109 plenilunium
1041 1077 1094 1098 an-

344 1124 419 1147 num
447 1113 527 1146 hunc
537 1113 623 1146 suum
649 1111 847 1146 ordiebantur
860 1125 870 1155 3
897 1113 1093 1160 primumque

341 1159 475 1205 ejusdem
485 1162 619 1195 mensem
629 1160 737 1195 eodem
750 1159 939 1207 appellabant
948 1161 1078 1196 nomine.

393 1210 436 1243 Et
447 1209 654 1257 principaliter
662 1222 778 1244 annum
791 1219 892 1243 totum
909 1209 922 1253 (
935 1212 1017 1243 Bedae
1027 1210 1092 1244 sunt

340 1257 461 1297 verba)
480 1259 511 1292 in
530 1258 592 1292 duo
610 1267 761 1304 tempora,
773 1257 893 1304 hyemis
901 1257 1041 1291 videlicet
1059 1261 1092 1292 ὃς

341 1305 691 1353 aestatis‚dispartiebant:
711 1307 761 1341 sex
770 1306 835 1339 illos
853 1305 966 1351 menses
983 1305 1091 1350 quibus

338 1353 494 1400 longiores
508 1354 652 1388 nostibus
667 1354 729 1387 dies
746 1353 823 1395 sunt,
839 1350 938 1386 aestati
957 1352 1091 1387 tribuen—

341 1400 395 1444 do,
413 1403 463 1436 sex
481 1402 611 1449 reliquos
640 1401 754 1448 hyemi.
786 1400 876 1435 Unde
906 1404 939 1434 ὅτ
956 1401 1089 1436 mensem

338 1461 407 1497 quo¹
415 1450 568 1496 hyemalia
579 1461 720 1496 tempora
732 1449 916 1495 incipiebant
929 1451 1089 1490 militet}

339 1503 457 1546 fplietlj
483 1498 684 1545 appellabant,
701 1496 869 1543 compofito
899 1497 1023 1531 nomine
1049 1502 1088 1535 ab

341 1549 453 1595 hyeme
467 1551 499 1581 δί
517 1546 681 1593 plenilunio
696 1560 706 1590 3
724 1546 795 1593 quia
812 1544 952 1579 videlicet
963 1544 980 1580 a
992 1546 1088 1593 pleni-

341 1597 427 1631 lunio
439 1596 569 1642 ejusdem
578 1594 698 1638 mensis,
715 1594 834 1641 hyemis
863 1593 1016 1629 sortiretur
1032 1598 1087 1633 ini-

339 1646 424 1679 tium.
454 1646 518 1680 Lib.
533 1648 565 1678 de
584 1657 664 1691 temp.
692 1650 807 1685 ratione,
819 1657 883 1690 cap.
902 1646 953 1688 13.
992 1644 1087 1681 Vides

339 1697 444 1727 Ber-lam
459 1706 573 1728 armum
592 1693 674 1727 hunc
699 1692 869 1727 naturalem
893 1691 925 1724 in
936 1690 997 1726 duo
1009 1705 1086 1731 tem-

336 1755 413 1788 pora
428 1741 589 1777 distinxisse
608 1756 619 1785 ·,
634 1742 753 1787 hyemis
766 1745 799 1776 ὃ(
815 1739 932 1776 aestatis.
996 1743 1085 1791 Hyess

338 1802 411 1825 men
422 1792 500 1825 vero
516 1788 698 1825 constituifie
716 1791 787 1825 anni
801 1788 998 1836 principium,
1011 1792 1085 1838 hye-

337 1840 452 1886 mifilue
465 1838 662 1886 plenilunium
677 1865 687 1881 ,
704 1842 741 1874 &c
756 1840 888 1874 mensem
902 1845 955 1892 qui
973 1846 1084 1883 mina

336 1893 510 1936 tenuitati)
519 1887 697 1934 appellatur,
714 1891 746 1922 &
765 1900 858 1935 quem
876 1891 999 1940 ipsemet
1010 1906 1084 1938 pau-

336 1938 368 1972 Ιὸ
381 1939 511 1985 superius
530 1938 669 1972 OHobrem
687 1935 773 1970 fuiffi?
786 1936 885 1976 refert.
903 1943 971 1976 Cur
988 1942 1084 1989 igitur

337 1991 369 2026 J.
387 1987 598 2033 Scalzgerlib.2.
612 1985 649 2019 de
665 1988 798 2020 emendat.
812 1998 894 2035 temp.
904 1991 948 2025 tit.
961 1990 1000 2025 de
1008 1990 1083 2037 cycl.

335 2032 744 2080 Lunai-i,Septembrem‚qui
754 2035 921 2070 Saxonibus
941 2042 1083 2082 Halzgmo-

334 2086 402 2116 nath
417 2090 607 2129 nuncupatus
625 2080 679 2122 est,
712 2081 857 2126 primum,
872 2095 982 2119 eorum
996 2098 1082 2119 men-

335 2133 396 2166 sem
414 2130 497 2171 facit,
517 2136 548 2165 &
562 2134 828 2174 wintetafillctij
841 2132 1080 2175 secundum,nec

335 2180 411 2214 mihi
430 2178 555 2227 quidem
564 2180 696 2213 occurrit
722 2180 811 2220 ratio,
841 2191 896 2212 nec
908 2180 1017 2225 abipso
1037 2181 1081 2214 est

335 2226 480 2274 apposita.

383 2276 495 2310 Nescio
508 2288 548 2310 an
570 2285 704 2309 veterem
723 2274 901 2322 quampiam
919 2276 1080 2310 Danorum

334 2325 597 2371 computationem
610 2322 647 2357 fit
664 2324 778 2358 secutus
796 2340 805 2355 .·
840 2335 911 2358 nam
930 2324 961 2357 in
977 2323 1080 2359 tabula

334 2385 429 2420 quam
441 2373 563 2407 exhibet
575 2373 675 2419 prima
688 2371 837 2407 menfium
845 2372 931 2406 feries
938 2372 978 2408 ad
986 2385 1080 2419 quam

334 2423 513 2456 Romanam
523 2425 555 2455 ὃῑ
568 2421 749 2456 Saxonicam
763 2422 1016 2468 coaptat,Danica
1029 2421 1079 2456 est.

384 2471 536 2505 Videatur
553 2481 658 2504 tamen
687 2474 719 2504 &
747 2472 823 2503 Beda
853 2469 936 2504 reste
954 2468 1079 2516 posuifle

333 2520 404 2553 anni
426 2519 557 2559 initium,
569 2519 708 2552 Ouobrem
718 2532 729 2562 3
764 2521 796 2552 &
814 2519 992 2564 Septembrem
1010 2519 1079 2553 Sca-

332 2568 408 2614 liger
426 2581 436 2611 ·,
463 2568 513 2602 hic
539 2566 629 2614 juxta
650 2566 825 2615 aequinoffii
851 2566 1029 2613 politionem
1047 2568 1078 2604 in

335 2618 438 2650 nostro
457 2629 525 2650 aevo
541 2629 551 2659 3
573 2616 621 2649 ille
635 2617 665 2650 in
683 2615 790 2657 veteri,
803 2628 872 2662 quae
891 2616 994 2650 multis
1009 2615 1077 2660 jam

332 2665 436 2699 diebus
443 2665 633 2710 anticipatur.
652 2665 738 2698 Cum
748 2664 831 2698 enirn
840 2663 996 2711 Sosigenes
1004 2666 1077 2699 Ma-

332 2714 509 2747 thematicus
520 2712 572 2747 sub
586 2716 662 2753 Julio
679 2714 912 2754 Caesare,annurn
921 2714 1074 2758 Julianum

330 2762 378 2797 seu
395 2774 591 2796 communem
609 2765 640 2795 &
658 2760 838 2796 bissextilem
855 2762 1050 2798 constitueret
1068 2776 1074 2796 :

330 2811 546 2857 deprehenfiim
563 2810 603 2844 ab
621 2810 731 2844 eodem
745 2809 788 2844 est
805 2810 929 2845 vernale
939 2812 1076 2859 aequino—

330 2858 428 2894 &ium
443 2860 474 2894 in
505 2860 534 2894 8.
553 2859 759 2894 Calendarum
787 2858 909 2906 Aprilis,
925 2862 943 2895 i.
955 2860 1004 2894 die
1024 2873 1071 2905 25

330 2907 457 2942 Martii:
483 2909 526 2942 Et
538 2909 568 2942 in
593 2907 746 2943 1.Nicaen.
767 2907 919 2952 Concilio,
946 2922 1017 2943 cum
1036 2910 1074 2943 de

330 2955 473 2990 Paschate
481 2956 644 2990 ederentur
652 2958 805 2999 Canones,
817 2956 847 2991 id
857 2956 900 2992 est
908 2961 967 2993 An.
982 2960 1073 2993 Dom.

336 3015 417 3048 322.
446 3003 605 3038 occurrisse
635 3005 765 3040 traditur
796 3019 854 3041 21.
880 3007 928 3042 die
943 3008 1050 3042 Martii
1065 3022 1072 3042 :

313 3051 411 3085 'nunc
433 3052 510 3085 vero
543 3052 582 3086 ad
600 3053 791 3089 undecimam
810 3055 942 3102 ejufflem
966 3056 1072 3090 menfis

329 3098 494 3145 perveniffe
502 3113 607 3135 omnes
623 3113 746 3143 norunt,
772 3103 830 3137 hoc
844 3105 887 3139 est
903 3116 949 3150 14
967 3104 1072 3138 diebus

329 3148 415 3183 citius
432 3147 523 3196 quem
541 3149 594 3183 sub
616 3154 693 3191 Julio
709 3151 810 3191 Caestzre
824 3177 834 3192 ‚
852 3155 890 3186 Sc
910 3166 964 3186 10.
976 3164 1070 3199 quam

329 3196 381 3230 fiJb
398 3198 529 3232 Nicaeno
545 3198 684 3232 Concilio
700 3224 711 3239 ,
740 3211 779 3232 ex
800 3212 862 3246 quo
880 3201 1071 3247 Gregoriana

330 3246 465 3291 proceffit
477 3245 654 3280 Kalend-arii
672 3245 856 3282 restauratio
874 3250 942 3283 Pari
956 3250 1070 3284 ratione

329 3295 502 3331 autumnale
516 3295 747 3342 aequinoC'tium,
769 3296 851 3342 quod
858 3315 866 3323 »ν
878 3298 969 3332 hodie
981 3297 1071 3332 statu-

330 3351 386 3375 unt
396 3342 427 3375 in
456 3355 467 3376 1
478 3356 510 3377 2.
536 3343 689 3389 Septemb.
703 3345 812 3385 Caefims
829 3358 897 3380 aevo
910 3347 990 3380 diem
1011 3349 1069 3382 26.

328 3388 458 3435 ejusdem
472 3390 578 3424 mensis
597 3391 770 3438 poffidebat,
792 3393 935 3440 superiori
950 3395 1010 3429 alio
1028 3396 1070 3429 se-

331 3438 398 3473 culo
409 3442 534 3485 29,&c.
544 3440 592 3475 Sic
611 3451 645 3475 ut
662 3443 856 3487 autumpnale
870 3443 1067 3490 plenilunium

658 226 1474 326 &mmmmm

352 390 612 430 i,H0cfi18umfi1it
624 391 696 419 circa
711 386 762 432 96
765 385 962 429 6.Hyemem.
978 384 1100 419 Pluries.
1150 386 1180 419 in
1217 387 1348 423 octobri
1383 391 1498 438 semper
1529 394 1663 428 eveniret
1705 399 1737 430 ὃς
1773 399 1895 443 perinde

1147 435 1220 469 anni
1255 435 1341 484 hujus
1371 439 1509 474 Saxonici
1539 440 1673 476 {imiliter
1701 445 1889 493 principium.

1148 483 1247 524 Quod
1268 483 1290 519 fi
1309 486 1402 521 dubia
1415 488 1445 522 in
1454 488 1513 522 hoc
1526 488 1597 523 effet
1609 495 1689 525 Bedae
1706 492 1778 528 fides
1796 506 1889 529 vene-

1147 531 1246 566 rabilis
1255 534 1360 568 testem
1370 535 1475 582 (quem
1490 537 1609 582 laudat)
1621 538 1713 575 habet
1730 542 1827 578 multo
1834 557 1887 579 an-

1145 581 1321 626 tiquiorem,
1334 585 1385 630 qui
1404 584 1534 631 ling-ulos
1556 588 1669 622 menses
1685 590 1735 624 sua
1754 590 1836 638 signa
1854 595 1885 628 in

1133 628 1253 674 'quibus
1270 630 1306 666 G>
1329 633 1473 679 recipiant
1487 634 1597 670 habere
1611 634 1750 680 referens,
1761 641 1814 682 ait,

1145 727 1239 764 Sydere
1255 730 1338 777 Virgo
1348 740 1392 760 tuo
1408 733 1545 765 Bacchum
1559 734 1710 778 September
1730 742 1840 783 opimat.

1145 778 1250 818 AEquat
1268 776 1303 809 &
1322 778 1431 810 Offober
1439 780 1569 819 fimentis
1592 794 1704 828 tempore
1713 787 1837 821 Libram.

1193 869 1292 911 Quod
1312 871 1350 906 fic
1367 885 1508 920 expono:
1533 880 1723 922 Septembrem,
1735 881 1884 917 vindemi-

1144 930 1195 951 am
1212 919 1369 954 exhibere:
1398 924 1546 967 Ostobrem,
1558 925 1732 971 sementem,
1751 931 1781 962 ἃ
1796 931 1825 963 in
1843 932 1883 965 se-

1142 967 1252 1001 mentis
1265 978 1415 1016 tempore,
1427 971 1554 1007 Libram
1573 973 1586 1018 ζ
1603 971 1735 1019 fidles&
1753 978 1857 1012 noctes
1870 979 1882 1022 )

1143 1027 1273 1063 aequare.
1299 1019 1456 1065 Perspicue
1473 1022 1691 1067 aequinoffium
1718 1024 1749 1057 in
1776 1029 1883 1060 Offolarz'

1141 1064 1280 1107 collocat,
1302 1070 1334 1101 &
1353 1079 1388 1101 ut
1400 1069 1476 1103 mihi
1489 1069 1609 1105 videtur
1626 1073 1659 1106 in
1674 1083 1759 1118 parte
1777 1074 1883 1109 mensis

1141 1114 1297 1156 anteriori,
1319 1129 1391 1150 nam
1410 1117 1440 1151 in
1462 1117 1620 1164 posteriori
1637 1133 1699 1154 non
1717 1120 1752 1155 fit
1770 1123 1882 1157 sernen-

1141 1170 1219 1203 tum,
1243 1163 1326 1208 quod
1346 1165 1423 1199 intra
1452 1179 1534 1211 500.
1552 1169 1639 1214 fiipra
1658 1169 1770 1205 Christi
1787 1171 1884 1206 incar-

1141 1210 1294 1245 nationem
1308 1225 1413 1254 ann05,
1425 1227 1486 1248 non
1504 1215 1652 1250 acciderit.

1190 1258 1274 1292 Cum
1292 1261 1367 1293 vero
1392 1261 1504 1295 mobile
1521 1260 1580 1295 filit
1594 1264 1652 1298 hoc
1675 1266 1744 1299 anni
1761 1267 1881 1304 initium

1139 1305 1425 1353 propterplenilunii
1439 1310 1681 1347 inconstantiam:
1708 1313 1816 1348 deduci
1838 1318 1881 1351 vi-

1138 1351 1231 1387 detur
1245 1355 1283 1388 ab
1307 1355 1507 1399 inferioribus,
1530 1369 1564 1392 ut
1590 1360 1694 1395 stabile
1726 1366 1757 1396 ὃ(
1782 1363 1879 1400 fixum

1139 1399 1211 1434 eflet
1233 1402 1274 1436 ad>
1285 1412 1405 1449 tempus
1418 1406 1565 1449 medium,
1597 1409 1626 1443 h.
1652 1409 1691 1443 ad
1718 1420 1836 1458 tempus
1849 1415 1878 1448 S.

1137 1452 1285 1484 Michaelis
1294 1453 1490 1501 Archangeli,
1511 1455 1594 1502 quod
1611 1461 1806 1505 autumpnale
1818 1462 1880 1508 ple-

1136 1496 1286 1533 nilunium
1299 1499 1368 1536 alias
1386 1503 1527 1549 praecedit
1543 1503 1614 1540 alias
1631 1506 1825 1555 subsequitur,
1845 1514 1878 1545 &

1135 1545 1216 1580 circa
1228 1547 1259 1582 id
1271 1549 1368 1595 ipsum
1385 1553 1501 1599 iemper
1517 1557 1589 1588 t'unc
1606 1557 1749 1602 temporis
1765 1559 1879 1592 accide-

1137 1593 1197 1629 bat.
1221 1597 1313 1641 Juxta
1326 1599 1384 1633 hoc
1397 1601 1468 1634 anni
1490 1600 1610 1637 initium
1623 1603 1688 1638 suos
1706 1605 1812 1651 paffim
1826 1620 1877 1642 an·
1916 1619 1919 1622 ⁴

1136 1644 1217 1678 nales
1245 1646 1366 1682 inchoat
1397 1652 1519 1685 Adamas
1551 1655 1711 1687 Mur-emath
1742 1654 1877 1691 Paulinae

1134 1693 1354 1731 Londonienfis
1365 1698 1503 1734 Ecclefiae
1513 1696 1695 1743 Canonicus,
1711 1703 1763 1748 qui
1776 1702 1878 1738 floruit

1134 1743 1193 1776 An.
1218 1755 1232 1776 1
1245 1744 1327 1789 380.
1352 1747 1393 1779 Et
1405 1747 1443 1781 in·
1453 1748 1654 1782 conducendis
1671 1750 1877 1798 elocandistlue

1133 1791 1264 1836 praediis,
1274 1794 1406 1829 maxime
1423 1796 1504 1842 apud
1518 1809 1572 1830 nos
1594 1797 1686 1831 hodie
1704 1798 1877 1835 obsta-vatur

1133 1839 1218 1874 velut
1230 1853 1325 1875 annus
1338 1845 1547 1892 agrarius,quo
1566 1848 1691 1892 receptis
1705 1846 1775 1881 anni
1793 1861 1875 1894 prae-

1132 1887 1262 1923 cedentis
1274 1887 1434 1934 fiuctibus,
1456 1906 1537 1928 nova
1547 1894 1614 1941 jam
1638 1895 1774 1930 sementis
1794 1909 1874 1932 nova

1131 1937 1323 1982 agriculturae
1340 1942 1588 1978 exorditurratio.

1275 2031 1301 2079 J
1318 2043 1362 2070 De
1380 2043 1520 2073 Saxonum
1541 2055 1611 2074 anno
1628 2047 1728 2075 Civili.

1178 2134 1305 2167 Annum
1323 2132 1458 2168 Civilem
1473 2137 1522 2169 seu
1540 2136 1736 2173 Artificialem
1751 2137 1768 2172 a
1789 2150 1872 2173 certo

1129 2178 1320 2224 incoeperunt
1338 2184 1477 2216 termino:
1495 2196 1588 2229 quern
1607 2189 1683 2219 Beda
1702 2187 1783 2220 dabit

1128 2229 1294 2271 Dnipiebant
1315 2243 1405 2264 autem
1432 2231 1444 2274 (
1458 2231 1579 2277 inquit)
1617 2248 1716 2268 annum
1731 2236 1764 2268 ab
1781 2240 1871 2269 offazvo

1128 2278 1307 2312 Calendarum
1332 2286 1530 2321 Januariarum
1552 2284 1596 2315 die
1605 2307 1615 2324 ,
1631 2283 1678 2315 uhi
1690 2298 1759 2317 num·
1769 2287 1870 2318 Natale

1129 2329 1245 2359 Domini
1261 2329 1417 2363 celebramus
1429 2344 1439 2373 3
1476 2335 1515 2362 Et
1531 2332 1614 2375 ipfizrn
1623 2335 1724 2365 noHem
1742 2346 1811 2364 nunc
1824 2347 1870 2365 no-

1127 2373 1378 2419 b'issacrcfanffam,
1402 2390 1466 2412 tunc
1476 2383 1578 2425 gentili
1591 2381 1712 2413 vocabulo
1726 2383 1868 2423 (Doopa-

1127 2433 1209 2456 τιθεῖ
1225 2428 1258 2458 id
1273 2430 1309 2470 est
1319 2439 1438 2460 matrum
1451 2429 1619 2472 appellabant
1631 2433 1730 2462 nofiem
1740 2442 1750 2472 3
1763 2431 1793 2462 ob
1806 2444 1868 2462 cau-

1119 2471 1183 2510 sam
1195 2481 1226 2504 nt
1241 2476 1404 2520 Β[ῐζίιῖνῑτιιιηην
1417 2481 1626 2511 ceremoniarum
1643 2492 1709 2524 quas
1721 2485 1752 2511 in
1765 2481 1795 2511 eii
1803 2491 1867 2523 per-

1126 2523 1223 2564 vigiles
1234 2525 1366 2569 agebunt:
1391 2524 1426 2559 ἔθ’
1432 2529 1436 2537 ’
1450 2527 1648 2572 quotiescunque
1667 2534 1812 2560 communis
1829 2528 1866 2559 es:

1117 2569 1163 2607 fi’t
1175 2583 1257 2604 annos
1264 2584 1349 2606 ternos
1358 2577 1453 2615 menfis
1475 2578 1579 2609 limares
1584 2579 1699 2621 singulis
1716 2581 1786 2609 anni
1797 2588 1865 2608 tem-

1119 2619 1227 2661 poribus
1252 2622 1360 2656 dabant.
1377 2628 1447 2656 Cum
1468 2626 1529 2657 vero*
1552 2625 1740 2666 Embolrsmus,
1762 2628 1808 2658 hoc
1828 2627 1866 2666 cst

1130 2677 1143 2699 Ι
1157 2678 1183 2712 3.
1194 2673 1317 2710 mensium
1335 2674 1471 2706 lunarium
1482 2687 1566 2706 annus
1575 2686 1728 2715 occurreret,
1754 2676 1865 2719 uperflu-

1092 2728 1107 2746 ”
1122 2727 1171 2747 um
1180 2719 1295 2758 mensem
1310 2723 1396 2762 aestati
1412 2723 1586 2767 apponebant,
1609 2729 1652 2756 ita
1665 2735 1695 2755 ut
1704 2735 1758 2754 tres
1768 2736 1828 2754 men
1837 2736 1866 2754 es

1122 2761 1183 2797 lida
1197 2779 1363 2810 vocarenmr,
1378 2769 1412 2805 &
1431 2771 1461 2803 ob
1482 2774 1516 2804 id
1523 2785 1609 2805 annus
1620 2774 1666 2804 ille
1683 2770 1798 2803 Trllidi
1806 2785 1864 2815 cog-

1122 2815 1310 2859 nominabatur
1323 2818 1421 2851 habens
1436 2828 1470 2864 4.
1480 2821 1580 2860 menses
1596 2822 1694 2861 ‘estatis
1712 2835 1719 2849 .·
1746 2833 1796 2850 non
1809 2832 1863 2851 ter-

1121 2866 1214 2898 nbsut
1240 2876 1327 2909 emper
1343 2870 1488 2912 temporum
1506 2880 1665 2902 caeterorum.
1688 2867 1766 2900 Haec
1784 2871 1861 2901 Beda

1120 2923 1182 2945 ca.1
1195 2924 1225 2956 5.
1238 2912 1371 2959 plurimo
1384 2914 1550 2961 indigentia
1561 2915 1861 2963 commentario,quae

1121 2963 1290 3000 Bridcfertus
1302 2971 1403 2996 tamen
1416 2974 1518 2996 mutus
1527 2963 1640 2999 translit
1653 2967 1860 3010 &Novimagun

1119 3008 1189 3042 Sine
1202 3018 1238 3042 ut
1256 3010 1414 3056 quidpiam
1430 3022 1575 3047 annotem
1586 3038 1597 3054 ‚
1629 3025 1691 3059 quo
1712 3012 1860 3047 vacillaffe

1121 3056 1201 3100 (sed
1218 3057 1308 3091 valde
1320 3057 1494 3104 ingeniose)
1518 3065 1682 3107 Scalzgerum
1713 3062 1856 3096 censeam.

1122 3108 1331 3149 (Doo‘panece
1342 3107 1353 3151 (
1365 3108 1463 3155 inquit
1475 3105 1550 3143 Beda
1562 3108 1585 3152 )
1603 3110 1632 3144 id
1650 3110 1703 3152 est,
1722 3121 1857 3145 matrum

1119 3153 1310 3200 appellabant
1320 3156 1453 3190 moelem.
1465 3162 1582 3205 Scaliger
1598 3158 1658 3205 qua
1674 3159 1761 3204 supra
1773 3159 1855 3193 vide-

1120 3211 1172 3235 tur
1192 3201 1294 3249 legiffe
1310 3217 1372 3239 non
1399 3210 1526 3240 Matrum
1551 3212 1651 3242 nollem
1667 3208 1714 3242 sed
1742 3213 1854 3248 Nollem

1118 3247 1254 3300 Matrem,
1271 3254 1466 3299 νυκπμήτρμ,
1478 3255 1561 3302 quali
1579 3256 1627 3290 illa
1640 3255 1766 3303 (inquit)
1784 3255 1853 3291 eflet

1118 3301 1159 3332 δὲ
1173 3313 1277 3346 parens
1302 3306 1333 3335 &
1351 3304 1489 3350 princeps
1515 3305 1653 3340 omnium
1671 3305 1853 3351 reliquarum

1118 3349 1277 3392 nofflum,
1295 3362 1401 3397 utpote
1413 3351 1431 3386 a
1448 3365 1508 3398 qua
1521 3365 1611 3401 caput
1624 3355 1692 3388 anni
1703 3353 1794 3385 civilis
1806 3352 1851 3385 ίῐι-

1116 3407 1257 3432 meretur.
1275 3399 1332 3433 Sed
1355 3400 1448 3434 editio
1460 3411 1522 3448 tam
1542 3413 1629 3436 vetus
1646 3400 1737 3448 quam
1750 3411 1851 3433 recen-

1116 3444 1176 3479 tior
1185 3451 1313 3481 Matrum
1330 3449 1452 3484 exhibet
1464 3451 1600 3496 genitivo
1621 3448 1737 3494 plurali,
1761 3451 1798 3530 ἕξ
1805 3449 1851 3481 di-

1452 3499 1487 3531 H
1498 3499 1518 3531 h
1532 3498 1554 3531 h
1788 3496 1852 3530 erte

1953 251 2122 354 1417x
