2305 3809
273 235 390 303 288

955 231 1167 296 Henrici
1202 230 1482 315 spelmanni

452 365 497 397 vis
514 362 729 401 Ecclefiasticis,
745 359 800 393 illis
811 354 970 394 fiscalinis,
1007 355 1045 387 ὅτ’
1052 350 1198 386 fiscalibus

455 412 642 457 nuncupatis.
665 407 775 443 Indixit
793 414 947 452 praeterea,
965 411 1000 434 ut
1018 413 1089 434 cum
1100 412 1198 434 more-

456 470 539 494 retur
563 457 709 505 quispiam
740 467 778 488 ex
805 454 838 487 iis
856 448 1078 498 paterfamilias,
1101 448 1198 493 Regis

456 508 505 541 vel
534 500 672 553 Episcopi
698 511 873 550 procurator
884 525 895 540 ,
925 495 1197 551 praestantiffimum

455 555 518 601 ejus
532 555 548 587 ὲ
560 553 679 589 stabulis
687 552 870 598 jumentum,
893 556 946 580 aut
954 544 1069 580 vestem
1080 557 1118 579 ex
1126 543 1198 578 aedi-

457 604 514 636 bus
536 600 770 648 pretiofiffimam
802 596 819 639 (
834 595 999 630 Germanis
1016 593 1108 628 hodie
1129 588 1198 625 ΜΕ

456 656 554 698 ljeupt
566 645 764 696 appellatum)
788 644 911 678 tolleret.
929 643 1051 677 Author
1067 643 1143 677 mihi
1153 643 1197 678 est

457 704 490 735 B.
507 701 671 734 Rhenanus
688 708 742 729 rer.
756 692 922 727 Germlib.
939 705 970 726 2.
980 691 1076 738 qui&
1095 692 1197 727 Abba-

456 760 498 782 tes
512 747 611 781 adhuc
620 745 651 779 in
669 742 848 784 Germania,
858 744 928 775 talia
944 745 1081 786 mancipia
1091 745 1197 788 poffide-

454 811 482 829 rc
496 811 532 829 ex
547 797 710 829 liberalitate
724 796 884 826 Francorum
895 795 1063 836 principum,
1079 789 1197 825 attesta-

455 854 512 878 tur.

499 891 692 933 Quibusdam
726 888 846 922 videtur
881 892 989 920 Herioti
1010 882 1078 920 lo‘co
1117 886 1198 933 apud

453 941 559 975 Gallos
584 944 615 974 ὅ(
650 937 793 973 nostrates
827 933 983 970 succeffiffe
1013 932 1173 980 penfitatio
1186 961 1196 977 ,

455 1002 549 1036 quam
567 993 599 1023 ὅ(
616 1001 637 1022 n
735 986 776 1020 illi
785 989 925 1028 Relevium
944 987 975 1017 &
995 986 1110 1023 isssslt'tf
1121 997 1198 1018 nun.

452 1050 606 1084 cupamus
618 1038 646 1070 E
727 1048 744 1069 a
762 1032 885 1080 quidem
899 1031 940 1066 illi
953 1033 1089 1078 opinioni
1102 1032 1175 1067 fides
1188 1049 1197 1065 .-

453 1099 525 1120 nam
538 1086 588 1120 lib.
601 1080 861 1120 RamesMonast.
875 1078 901 1126 §.
913 1081 936 1115 6
944 1093 975 1128 3.
990 1083 1021 1115 ὃς
1040 1095 1052 1116 1
1066 1094 1085 1127 5
1094 1095 1106 1116 1
1115 1109 1122 1116 .
1131 1093 1197 1127 per-

451 1135 551 1180 spicue
566 1134 604 1168 sic
623 1134 696 1168 olim
719 1134 940 1178 interpretatur.
988 1135 1045 1175 Ego
1069 1134 1198 1164 Godricus

452 1187 558 1217 concedo
571 1190 628 1217 Deo
641 1181 676 1216 &
692 1187 719 1215 S.
732 1183 874 1214 Benedictio
899 1181 1027 1221 Rameliae
1039 1204 1049 1221 ,

454 1246 524 1265 meos
534 1245 636 1266 terram
651 1244 740 1264 meam
753 1231 784 1261 de
795 1234 952 1272 'sirlngtona
966 1240 972 1259 Ζ
1004 1233 1048 1260 ita
1059 1230 1198 1261 duntaxat

226 992 364 1027 Fglevium,

455 1293 485 1313 ut
506 1282 595 1315 Abbas
612 1282 723 1323 ejusdem
745 1279 862 1318 Eccleliae
880 1276 1027 1309 AEdnothus
1037 1280 1129 1316 frater
1142 1290 1198 1309 me-

455 1343 497 1369 us,
515 1332 651 1374 adquietet
668 1341 729 1361 eam
759 1328 793 1358 de
803 1327 917 1365 servitio
930 1350 941 1365 ‚
979 1327 1051 1368 quod
1065 1330 1198 1369 Heregeat

457 1378 570 1423 Anglice
583 1403 594 1418 ,
619 1376 720 1408 Latine*
737 1377 865 1407 relevatio
882 1374 1047 1405 haereditatis
1069 1375 1173 1407 dicitur
1187 1398 1198 1413 ,

459 1439 516 1471 quae
542 1426 576 1458 ab
603 1424 748 1457 haeredibus
773 1422 864 1454 liberis
875 1423 934 1465 post
952 1431 1062 1452 mortem
1075 1432 1199 1466 patrum,

459 1476 574 1507 dominis
584 1476 653 1515 solet
671 1473 799 1517 impendi.
823 1468 880 1504 Sed
898 1472 1037 1512 Relevium
1050 1470 1083 1502 ὃ(
1101 1474 1199 1502 Herco-

459 1534 518 1555 tum
530 1523 606 1568 fizpe
640 1534 678 1554 ex
699 1533 761 1554 uno
780 1518 948 1564 eodemque
979 1517 1094 1562 praedio
1114 1517 1198 1551 reddi

457 1569 719 1616 deprehendimus:
765 1573 910 1600 Hereotum
923 1565 1014 1599 etiam
1034 1565 1084 1599 ubi
1102 1565 1196 1600 haeres

456 1631 517 1652 non
530 1617 659 1652 succedit
673 1618 704 1650 in
713 1613 932 1663 patrimonium
942 1629 950 1645 :
977 1613 1025 1647 led
1041 1626 1197 1661 nunquam

455 1670 602 1709 Relevium.
634 1665 716 1700 Vide
747 1661 825 1698 infra
844 1666 993 1707 Relevium,
1019 1665 1052 1697 ὃ(
1085 1663 1198 1697 interea

456 1720 628 1748 Hereotorum
642 1713 874 1748 aestimationem
893 1710 984 1756 juxta
1002 1711 1198 1757 personarum

454 1762 627 1808 dignitates,
644 1763 722 1797 habe
742 1761 758 1796 ὲ
775 1761 888 1795 Canuti
903 1759 998 1806 Regis
1018 1761 1088 1793 LL.
1103 1761 1198 1795 Saxo-

451 1811 524 1845 nicis
542 1825 603 1858 par.
618 1826 646 1846 1.
687 1824 752 1857 cap.
767 1811 825 1855 69.
841 1836 847 1843 .
866 1812 939 1842 Ano
948 1808 1029 1841 beon
1039 1808 1081 1842 &a
1093 1812 1198 1853 bepe-

454 1871 563 1907 geaee
587 1873 644 1907 spa
671 1864 727 1898 bre
746 1859 864 1904 maePlic
877 1857 932 1903 sy,
957 1856 1164 1903 Goples,&c.
1179 1859 1197 1892 i.

220 1927 359 1955 Hermum
369 1927 436 1953 Em..
453 1915 599 1944 Hereotum
624 1911 745 1955 cujusque
755 1912 794 1951 fit
811 1911 984 1942 moderatum.
1018 1910 1102 1940 Eorlae
1120 1905 1135 1951 ζ
1147 1907 1197 1941 seu

220 1965 261 1993 lae.
451 1959 582 1992 Comitis
595 1957 611 2002 )
636 1960 675 1992 uti
684 1971 734 2004 par
748 1962 796 2001 ist,
805 1963 857 1992 080
875 1963 953 2004 equi,
961 1954 1019 1990 stil.
1031 1966 1065 2000 4.
1077 1960 1198 2003 ephipia-

454 2012 489 2047 ti,
523 2006 557 2041 &
575 2018 608 2051 4.
609 2012 669 2047 fine
686 2010 813 2052 ephipio,
833 2017 868 2051 4.
874 2010 970 2053 galeae,
1005 2014 1040 2048 4.
1053 2009 1148 2046 loricae,
1167 2006 1196 2040 8.

454 2057 536 2097 hastae
553 2081 562 2096 ‚
583 2055 617 2090 δέ
636 2058 748 2088 totidem
757 2057 838 2095 scuta
857 2080 867 2095 ,
890 2065 925 2099 4.
937 2055 1040 2099 gladii,
1061 2053 1096 2087 &
1113 2065 1196 2087 200.

220 2115 303 2145 Thuyn*
321 2110 398 2149 Regii
452 2106 580 2144 mancufie
592 2118 686 2137 aureae.
703 2106 791 2137 'I'hamv
808 2109 888 2149 Regii
906 2106 1035 2148 primarii
1051 2103 1197 2143 hereotum,

218 2154 345 2193 primarii.
452 2160 569 2197 4.eqm',
583 2155 717 2198 ephipiati
735 2155 795 2194 duo,
812 2151 847 2186 &³
866 2155 914 2184 duo
923 2154 984 2191 fine
1000 2152 1114 2195 ephipiis
1123 2164 1133 2192 3
1159 2164 1189 2185 2.

445 2204 546 2245 gladii,
563 2211 598 2245 4.
611 2204 708 2243 hastae,
728 2200 762 2235 &
780 2202 891 2232 totidem
900 2201 991 2240 stuta,
1027 2211 1083 2231 una
1104 2203 1197 2243 galea,

449 2263 503 2282 una
520 2251 614 2291 lorica,
630 2249 664 2285 &
678 2261 735 2295 50.
752 2253 814 2282 auri
825 2249 961 2288 mancuso.
999 2247 1087 2279 Thani
1097 2249 1197 2280 medio-

448 2304 513 2338 cris,
530 2311 614 2343 equus
624 2312 686 2332 cum
699 2308 842 2344 apparatu,
860 2293 894 2329 &
912 2298 975 2335 telo,
992 2306 1040 2327 aut
1056 2297 1196 2342 healffang

450 2353 480 2379 in
493 2349 600 2379 occidua
630 2352 772 2380 Saxonia:
801 2345 836 2381 &
854 2350 885 2378 in
899 2345 1094 2384 Mercia‚d11ae
1112 2345 1196 2386 librae,

452 2395 487 2430 &
504 2399 561 2429 cluae
582 2400 666 2428 etiam
684 2401 716 2428 in
732 2399 835 2441 Anglia
848 2397 979 2427 orientali.
1002 2394 1089 2425 Thani
1103 2405 1195 2426 autem

451 2450 533 2488 Regii
554 2450 625 2477 inter
639 2450 740 2485 Danas,
756 2446 860 2484 ftcam,
878 2442 894 2487 (
908 2443 925 2475 i.
938 2441 1064 2476 liberam
1077 2440 1195 2487 juriffli-

453 2490 601 2535 &cionem
626 2494 761 2533 habentis,
776 2495 909 2526 hereotum
921 2494 957 2534 est
975 2501 1009 2536 4.
1025 2491 1107 2524 libra.
1155 2495 1195 2523 Et

442 2544 471 2581 fi
487 2546 553 2585 Regi
565 2544 609 2574 hic
623 2546 712 2581 ficei-it
720 2545 901 2581 famuliarier,
935 2553 1017 2585 equus
1033 2553 1100 2572 unus
1118 2541 1194 2584 ephi-

445 2595 550 2633 piatus,
583 2592 650 2622 alter
678 2596 746 2622 item
770 2593 828 2630 fine
846 2591 970 2634 ephipiis,
988 2590 1099 2633 gladius
1116 2601 1194 2627 wius,

450 2639 509 2670 duae
522 2639 613 2679 lmstae,
625 2640 673 2670 duo
683 2640 773 2679 scuta,
794 2651 850 2683 50.
862 2638 990 2677 mancusle
1009 2649 1104 2669 aurete.
1150 2640 1193 2669 Et

218 2686 301 2718 Thon·
308 2687 431 2718 minoris:
439 2688 471 2726 fi
481 2689 690 2726 minorisfuerit
704 2690 887 2728 aestimatiom's
903 2688 1022 2726 Thanus,
1035 2687 1094 2726 fint
1105 2686 1192 2718 hereo-

449 2745 508 2767 tum
525 2749 580 2778 ejus
597 2736 654 2767 duae
666 2735 746 2768 librae.

495 2779 723 2827 {Hereflratcu
747 2783 768 2825 ]
816 2783 883 2816 LL.
911 2782 1008 2815 Henr.
1031 2795 1057 2815 1.
1071 2793 1115 2814 ca.
1138 2794 1150 2815 1
1164 2795 1192 2816 1.

449 2835 663 2872 *defeHus
679 2834 816 2875 justitiae,
833 2836 957 2876 privatio
981 2834 1049 2876 legis
1078 2835 1168 2876 Regiae
1181 2856 1192 2872 ,

449 2893 537 2912 omnes
555 2882 717 2922 hercstratae,
738 2886 843 2913 omnino
857 2885 938 2924 Regis
956 2881 1035 2921 sunt,
1052 2878 1086 2914 &
1101 2886 1192 2913 omnia

447 2926 677 2970 gmalstoma,&‹:.
720 2931 770 2962 An
788 2941 850 2962 non
876 2928 940 2961 haec
955 2953 965 2969 ,
997 2928 1056 2962 viae
1070 2940 1138 2975 quae
1147 2927 1190 2960 di—

452 2985 560 3008 cuntur
578 2978 696 3022 Regiae,
713 2977 796 3025 quod
814 2976 951 3011 ducendo
974 2977 1075 3022 Regio
1105 2988 1192 3010 exer—

454 3022 525 3075 citui
545 3023 687 3060 iufficiant
705 3027 718 3061 ?
741 3032 812 3060 Here
826 3026 919 3067 enirn,
932 3026 1078 3060 exercitus
1089 3039 1095 3059 ι
1105 3028 1190 3069 strat,

454 3080 508 3102 Vla.

223 1341 365 1374 Heregeat.

218 2265 301 2295 Thasii
317 2265 408 2295 medio-

219 2315 282 2335 cru.

219 2453 303 2483 Τι’)ιιηὶ
321 2455 396 2491 Regii

219 2495 286 2523 inter
295 2498 394 2524 Danas.

1091 1183 1127 1223 1st
1140 1183 1197 1213 dies
1242 1186 1254 1219 J

1335 490 1359 538 J
1385 501 1428 528 De
1447 498 1614 530 Heretochiis
1637 500 1885 542 Angla-Saxonum.

1294 634 1319 683 ff
1356 635 1568 675 Heretochius
1580 667 1591 686 ,
1611 640 1648 674 al.
1666 637 1866 678 Heretemius.
1888 639 1905 685 ]
1954 642 1989 674 In

1246 686 1339 722 addit.
1346 688 1415 722 LL.
1432 691 1494 721 Alu.
1507 691 1630 722 &Gutlz
1649 690 1719 723 MS.
1742 689 1893 737 Magister
1910 689 1992 723 mili-

1246 736 1296 770 tiae
1310 761 1321 778 ,
1349 735 1596 770 constabularius
1612 762 1625 780 .,
1652 738 1855 780 Marescallus,
1878 738 1988 772 duetor

1246 785 1405 827 exercitus,
1429 784 1489 819 five
1504 784 1626 826 navalis,
1639 783 1699 818 five
1715 786 1865 820 terrestris.
1879 787 1989 821 Saxon.

1246 836 1444 880 bepecoga:
1473 833 1513 867 ab
1533 837 1623 878 bepe
1634 859 1644 875 ,
1675 840 1830 877 exercitus3
1867 846 1990 881 vogen,

1246 884 1348 917 ducere.
1373 883 1460 916 Hinc
1465 882 1629 924 Germani,
1640 889 1754 924 Ducem,
1771 881 1861 916 hodie
1870 883 1990 929 ᾞεῐω,

1246 939 1313 976 geu
1327 930 1477 978 appellant
1487 947 1495 962 .-
1510 935 1541 966 &
1559 929 1656 965 codex
1667 931 1848 965 veterrimus
1858 932 1990 977 Wigor-

1247 978 1342 1013 nensis
1361 978 1512 1021 Ecclefiae,
1521 980 1552 1014 in
1570 979 1690 1014 Chartis
1704 979 1885 1026 quibusdam
1899 980 1991 1015 Saxo-

1246 1027 1330 1069 nicis,
1347 1026 1530 1074 ffilpebepe
1548 1032 1692 1072 (Depcna
1706 1032 1908 1075 bepecogan
1919 1031 1986 1076 (qui

1247 1074 1349 1110 floruit
1387 1079 1445 1110 An.
1479 1079 1573 1112 Dom.
1593 1077 1678 1123 962.
1691 1074 1708 1122 )
1743 1089 1823 1110 nunc
1836 1080 1990 1118 AElfherum

1247 1129 1413 1159 Merctorum
1421 1131 1525 1160 Ducem
1536 1142 1545 1157 .·
1564 1137 1643 1160 nune
1656 1126 1731 1159 vero
1745 1131 1876 1159 Comitem
1888 1128 1992 1168 vertit,

1247 1171 1330 1208 'uxta
1349 1173 1436 1208 seculi
1470 1175 1546 1209 illius
1564 1186 1702 1215 morem,
1735 1174 1789 1221 qui
1805 1180 1936 1208 Comitem
1954 1179 1991 1209 δι’.

1246 1227 1349 1256 Ducem
1367 1220 1579 1258 confundebat.
1605 1225 1759 1256 Heretochii
1771 1235 1880 1256 munus
1896 1223 1992 1257 &LL.

1247 1270 1321 1304 Divi
1335 1270 1490 1306 Edouardi
1507 1269 1693 1307 Confefforis
1703 1270 1781 1317 (vel
1799 1283 1838 1304 ex
1856 1271 1992 1305 audiar-io

1247 1318 1355 1364 potius,
1383 1320 1499 1354 namin
1516 1320 1656 1367 exemplo
1668 1320 1707 1353 ab
1725 1319 1901 1353 Hovedeno
1919 1318 1991 1354 dato

1247 1367 1414 1402 Annalium
1431 1381 1495 1414 par.
1520 1382 1551 1403 2.
1569 1381 1630 1402 non
1648 1368 1794 1412 cernitur)
1814 1368 1932 1413 copiose
1944 1381 1992 1403 ac-

1247 1415 1322 1462 cipe.
1340 1417 1389 1450 Sic
1401 1417 1483 1452 enim
1496 1430 1560 1464 cap.
1581 1428 1636 1463 35.
1649 1415 1702 1451 {hb
1715 1416 1757 1450 tit.
1772 1423 1816 1451 De
1828 1420 1993 1453 Heretochiu'·

1248 1464 1342 1506 (cum
1354 1463 1419 1509 jam
1445 1466 1527 1510 prius
1539 1471 1714 1501 Aldermanni
1733 1469 1765 1499 &
1779 1466 1881 1501 Grevii
1897 1478 1991 1513 expo-

1248 1522 1390 1546 nerentur
1408 1512 1531 1558 officia.)
1549 1520 1638 1548 Erant
1668 1512 1703 1547 ὅ
1721 1517 1783 1547 aliae
1804 1513 1989 1559 potestates&

1247 1563 1393 1606 dignitates
1405 1576 1455 1610 per
1481 1569 1636 1609 provincias
1665 1559 1700 1596 &³
1713 1567 1821 1608 patrias
1846 1565 1990 1605 universas,
2004 1586 2066 1608 nug„

1247 1608 1283 1643 &
1294 1622 1346 1655 per
1349 1615 1466 1658 singulos
1490 1618 1642 1647 Comitatus
1668 1618 1751 1645 totius
1769 1617 1854 1658 Regni
1866 1614 1989 1656 praediHi

1246 1663 1394 1703 constituta
1414 1668 1463 1707 qui
1486 1665 1642 1696 Herotoches
1660 1662 1730 1706 apud
1746 1664 1844 1706 Anglos
1861 1661 1989 1694 vocaban—

1246 1720 1302 1750 tur,
1312 1710 1373 1749 scil.
1387 1713 1505 1745 Barones
1522 1712 1631 1754 nobiles,
1648 1708 1683 1744 ὅ
1709 1713 1834 1756 insignes,
1846 1710 1989 1755 sapientes,

1247 1756 1282 1791 &
1295 1759 1399 1800 fideles,
1416 1757 1450 1793 ὅ
1468 1763 1579 1802 animost
1589 1777 1597 1792 .·
1640 1760 1743 1793 Latine?
1762 1760 1823 1792 vero*
1835 1759 1989 1792 dicebantur

1247 1809 1364 1840 duHores
1382 1814 1536 1851 exercitus3
1577 1811 1649 1855 apud
1664 1812 1750 1842 Gallos
1759 1811 1905 1852 Capitales,
1923 1813 1991 1840 Con-

1238 1854 1384 1896 stabularii
1401 1860 1446 1890 vel
1477 1859 1629 1898 Marestalli
1663 1863 1806 1891 exercitus.
1855 1859 1896 1888 Illi
1925 1870 1992 1888 vero

1246 1906 1406 1938 ordinabant
1423 1912 1494 1940 acies
1507 1909 1662 1950 denfiffimas
1680 1913 1710 1938 in
1732 1909 1845 1950 praeliis,
1869 1902 1903 1938 ὅ
1921 1908 1990 1938 alias

1246 1955 1437 1996 constituebam
1450 1967 1531 2000 prout
1548 1958 1635 1989 decuit
1649 1982 1660 1998 ,
1682 1952 1717 1988 &
1738 1965 1818 2000 prout
1846 1968 1886 1988 eis
1896 1958 1990 1986 melius

1246 2004 1334 2041 vistim
1351 2006 1415 2041 fiat
1427 2028 1438 2043 ,
1467 2007 1505 2036 ad
1521 2006 1641 2036 honorem
1657 2009 1774 2043 Coronae,
1792 2002 1827 2036 &
1836 2005 1874 2035 ad
1882 2005 1989 2035 utilita-

1246 2059 1301 2080 tem
1313 2056 1407 2095 Regni.
1456 2054 1506 2093 Uli
1518 2052 1580 2084 verb
1597 2056 1653 2083 viri
1679 2051 1844 2093 eligebantur
1853 2060 1904 2094 per
1921 2063 1990 2082 com-

1246 2109 1325 2130 mune
1342 2102 1495 2140 concilium,
1527 2110 1577 2144 pro
1603 2103 1737 2132 communi
1756 2102 1878 2132 utilitate
1903 2104 1989 2144 Regni

1239 2157 1292 2189 per
1303 2153 1457 2191 provincias
1470 2146 1504 2181 &
1515 2154 1620 2192 patrias
1632 2151 1778 2188 universas,
1801 2146 1837 2181 ΕΒ
1844 2151 1989 2192 perfingu-

1245 2197 1282 2226 los
1300 2200 1451 2228 Comitatus
1462 2202 1492 2228 in
1503 2199 1582 2240 pleno
1595 2195 1770 2241 polcmoce,
1779 2198 1850 2236 ficut
1868 2193 1902 2228 &
1915 2199 1992 2231 Vice-

1246 2248 1355 2277 comites
1380 2249 1582 2289 provinciarum
1610 2244 1645 2279 &
1660 2250 1843 2278 Comitatuum
1861 2247 1927 2289 eligi
1941 2248 1994 2279 de-

1245 2291 1307 2324 bent
1317 2307 1325 2323 .-
1351 2298 1394 2326 Ita
1411 2296 1480 2339 quod
1489 2299 1519 2327 in
1534 2294 1650 2338 quolibet
1666 2299 1806 2327 Comitatu
1813 2295 1919 2339 semper
1927 2297 1989 2333 fuit

1244 2353 1311 2374 unus
1328 2344 1468 2375 Herotoch.
1489 2355 1539 2388 per
1560 2345 1711 2375 electionem
1725 2345 1819 2376 eleHus
1831 2345 1868 2375 ad
1895 2345 1989 2376 condu-

1245 2392 1357 2423 cendum
1390 2397 1543 2425 exercitum
1574 2396 1724 2425 Comitatus
1741 2392 1799 2432 fici,
1817 2396 1905 2434 juxta
1916 2402 1988 2436 prae-

1244 2450 1351 2483 ceptum
1373 2445 1488 2472 Domini
1506 2446 1606 2485 Regis,
1630 2443 1668 2472 ad
1684 2442 1803 2474 honorem
1823 2438 1858 2474 &
1880 2442 1988 2474 utilita-

1243 2496 1299 2518 tem
1316 2492 1421 2521 Coronae
1445 2494 1532 2532 Regni
1558 2490 1683 2532 praedzHi
1692 2513 1702 2528 ,
1728 2491 1833 2532 semper
1849 2501 1909 2520 cum
1925 2499 1987 2532 opus

1243 2537 1364 2574 adfuerit
1377 2541 1408 2568 in
1422 2542 1519 2580 Regno.
1543 2543 1611 2568 Item
1624 2541 1672 2579 qui
1681 2540 1775 2581 fugiet
1793 2535 1810 2567 ἆ
1823 2538 1928 2568 domino
1942 2538 1988 2568 vel
2000 2546 2133 2584 Heriflim
2142 2548 2202 2588 P*

1235 2584 1306 2623 socio
1334 2599 1365 2624 uo
1378 2595 1428 2629 pro
1440 2587 1591 2618 timiditate
1609 2586 1683 2625 belli,
1696 2587 1741 2618 vel
1750 2589 1855 2625 mortis,
1871 2590 1902 2618 in
1925 2598 1983 2617 con-
1999 2596 2044 2618 na.

1243 2634 1362 2666 dunione
1382 2635 1525 2666 heretochit
1537 2635 1586 2674 sici
1604 2638 1635 2665 in
1653 2634 1821 2678 expeditione
1835 2635 1928 2667 navali
1940 2637 1985 2667 vel

1243 2683 1373 2723 tmestri,
1390 2684 1490 2727 perdat
1523 2695 1597 2714 omne
1620 2683 1688 2727 quod
1694 2683 1775 2722 ficum
1789 2683 1836 2723 est,
1857 2678 1892 2714 &
1901 2683 1983 2722 fitam

1241 2732 1321 2773 ipsius
1338 2735 1440 2771 vitam,
1463 2729 1499 2765 &
1517 2744 1612 2764 manus
1628 2735 1725 2763 mittat
1749 2732 1869 2764 dominus
1886 2732 1925 2762 ad
1930 2741 1984 2763 ter-

1241 2790 1301 2810 ram
1318 2790 1400 2823 quam
1417 2785 1443 2812 ei
1467 2790 1547 2812 antea
1561 2781 1679 2812 dederat.

1291 2826 1491 2873 Eligebantur
1504 2827 1615 2874 (inquit
1627 2826 1689 2866 lex)
1707 2828 1859 2860 Heretochii
1871 2832 1901 2859 in
1904 2830 1983 2871 pleno
2000 2845 2101 2877 Eleffio
2110 2847 2199 2878 Hm„-

1241 2877 1380 2916 Folcmote,
1393 2876 1451 2910 hoc
1464 2875 1581 2917 est,n0n
1598 2875 1631 2909 in
1644 2874 1696 2908 isso
1712 2873 1765 2907 sub
1774 2874 1859 2908 initio
1870 2874 1981 2909 Calen-
2003 2886 2087 2916 maji,
2196 2880 2197 2883 ’

1239 2920 1348 2957 darum
1367 2923 1444 2970 Maij
1452 2923 1504 2965 (de
1516 2936 1578 2969 quo
1588 2922 1675 2969 supra
1683 2923 1797 2957 invoce
1805 2925 1980 2969 folcmarum)

1240 2980 1271 3004 at
1284 2971 1315 3006 in
1333 2972 1393 3006 alio
1405 2973 1458 3006 sub
1468 2972 1578 3018 Capite
1596 2971 1803 3006 Calendarum
1821 2971 1977 3014 Oetobris,

1240 3030 1274 3052 ut
1285 3018 1486 3064 inferius,l0co
1494 3020 1662 3066 penultime
1678 3020 1749 3054 citat
1753 3033 1785 3062 0,
1793 3019 1976 3054 demonstra-

1238 3068 1575 3115 rur.Aderanttuncips1
1587 3072 1783 3111 Heretochii‚&
1794 3081 1862 3115 quae
1874 3067 1975 3100 volue-

1241 3129 1285 3159 re,
1306 3119 1496 3164 imperabant
1509 3118 1684 3164 exequenda
1697 3134 1706 3150 .·
1724 3117 1855 3150 coniulto
1873 3124 1974 3147 tamen

1239 3166 1404 3202 Procerum
1412 3177 1507 3210 coetu,
1520 3165 1674 3211 &judicio
1691 3166 1780 3199 totius
1791 3167 1913 3196 Folcmoti
1925 3175 1975 3207 ap-

1239 3217 1395 3260 probante.
1441 3215 1598 3262 Popularis
1623 3213 1676 3247 ista
1693 3213 1910 3245 Heretochiorum
1927 3212 1975 3244 Ῐέιι

1240 3264 1364 3298 Ducum
1375 3263 1496 3305 ele-&iffi
1512 3262 1617 3298 nostris
1634 3258 1801 3293 Saxonibus
1817 3270 1886 3293 cum
1898 3259 1976 3292 Ger—

1238 3313 1335 3346 manis
1349 3313 1423 3355 aliis,
1447 3309 1613 3346 communis
1631 3306 1711 3349 fuit,
1735 3317 1768 3340 ut
1786 3307 1816 3341 in
1829 3308 1974 3341 Boiorum

1239 3360 1310 3394 LL.
1328 3360 1440 3402 videas,
1452 3352 1695 3400 Tit.2.ca.1.§.1.
1711 3355 1769 3389 Sed
1787 3355 1854 3391 licet
1864 3361 1973 3389 Herem-

1237 3411 1295 3443 chii
1311 3408 1414 3450 nostri,
1426 3407 1513 3442 titulo
1529 3403 1696 3438 salutentur
1703 3415 1766 3451 quo
1781 3411 1871 3438 Duces
1880 3401 1972 3448 majo-

1238 3468 1294 3496 res,
1310 3460 1347 3491 ὃ(
1360 3455 1582 3501 provinciarum
1605 3452 1750 3499 Satrapae,
1766 3453 1826 3488 viz.
1843 3457 1972 3496 Hert-oga-

1908 3515 1952 3534 nes
1962 3514 1971 3529 ἶ

2006 2080 2118 2112 Elefflo.

2003 1538 2151 1572 Heretochii
2159 1536 2219 1570 mul
