2305 3809
981 282 1028 344 ci
1087 284 1128 343 S
1121 279 1364 366 pelmanni

124 375 2094 406 w

150 317 276 382 494

813 287 976 347 Henrz

335 430 477 471 Rumam
491 423 639 469 tussitljtt3
655 418 764 459 fifimu,
796 414 838 448 Et
846 410 884 446 sic
896 409 993 445 codex
1005 406 1082 442 alius

335 473 494 519 antiquitus
511 466 672 514 impreflus.

1176 402 1200 450 Ἰ
1223 403 1343 442 Rauda.
1367 402 1385 451 ]
1409 404 1459 440 Ll.
1486 405 1643 439 Saxonum
1677 406 1726 441 tit.v
1742 421 1775 443 2.
1788 408 1828 456 §.
1848 423 1878 448 χ,

1130 455 1284 498 ——Qui
1306 454 1420 488 nobilem
1438 455 1577 496 occiderit,
1587 457 1733 488 ICCCCxl.
1739 458 1789 496 Jbl.
1804 473 1877 494 rem.

383 520 491 555 priscas
509 517 601 563 igitur
630 513 692 548 illas
712 514 871 546 Danorum
897 509 929 539 δί
959 502 1082 538 Gotho·
1125 514 1218 547 ponat.
1245 497 1358 535 Rouda
1378 504 1450 546 quod
1464 504 1565 536 dicitur
1582 505 1654 548 apud
1663 507 1793 545 Saxones,
1802 510 1881 542 Cxx.

336 581 403 604 rum
420 568 517 600 literas
536 577 597 598 non
624 560 783 607 appellatas
812 555 918 591 censeo
952 557 1082 595 Runicas,
1121 549 1171 590 Jbl.
1195 548 1230 584 &
1246 554 1448 596 intorpremium
1462 554 1533 584 Cxx
1541 551 1589 591 sol.
1614 550 1708 585 Roud
1723 559 1811 588 veteri
1827 556 1881 588 lin·

336 615 418 662 quod
431 613 469 648 ad
492 610 712 646 similitudinem
724 603 972 653 aquaedu&uum,
988 599 1082 635 sulco-

336 676 404 697 rum
426 687 436 703 ,
458 672 584 695 araturae
602 657 660 702 (ut
674 655 773 690 vestra
795 652 854 687 fert
872 649 1002 697 opinio)
1033 647 1083 681 vel

335 712 377 745 rei
404 711 522 744 alterius
542 706 740 752 cujuscunque
769 700 971 736 formarentur
985 711 992 731 ε
1033 695 1081 730 fied

334 758 417 806 quod
435 756 526 791 ess‘ent
539 754 673 800 mysticae
684 757 716 786 &
735 750 871 791 occultae,
888 744 1083 800 Sacerdotali-

335 819 388 840 um
415 805 535 839 illarum
558 802 648 836 instar
669 799 938 847 AEgyptiacarum‚
961 806 1082 842 quasin

333 853 492 888 fimulacro
508 857 621 897 Canopi,
644 849 844 894 Antuerpiam
864 842 1025 892 aliquando
1041 841 1084 875 al-

334 902 410 944 lato,
434 903 563 947 Goropius
581 899 703 934 exhibet
715 893 933 942 Hieroglypha
951 906 959 926 ε
983 890 1032 925 lib.
1051 901 1082 935 7.

334 962 407 997 pag.
441 963 453 984 1
465 963 521 996 09.
570 949 639 982 Nec
663 946 825 992 vulgatum
859 942 934 976 olim
958 951 1084 982 nomen,

333 1005 457 1042 Runica3
478 1009 550 1032 nam
566 999 675 1038 Isidorus
702 996 733 1028 in
758 994 864 1027 Gothor.
889 991 1005 1024 Chron.
1028 988 1083 1021 ffib

334 1048 414 1081 AEra
430 1057 475 1091 41
486 1058 515 1092 5.
538 1045 611 1079 dicit
626 1045 753 1084 Gaffilam
770 1052 878 1075 eorum
891 1038 1084 1085 Episcopum,

333 1095 480 1129 Gothicas
495 1095 606 1128 litteras
630 1092 643 1137 (
658 1105 720 1126 non
736 1086 872 1134 Rustica)
888 1082 1082 1122 adinvenifle.

334 1142 391 1177 Sed
404 1155 475 1177 cum
487 1141 680 1187 subjunxerit,
701 1140 796 1187 ipsum
809 1138 900 1172 etiam
927 1134 1083 1181 stripturas

336 1192 429 1226 sscras
449 1191 481 1224 in
496 1193 624 1224 eandem
641 1190 780 1236 linguam
808 1182 1005 1220 convertiffe:
1030 1194 1083 1216 an-

334 1241 396 1274 sam
416 1239 553 1273 videatur
569 1237 666 1272 fateor
685 1234 843 1282 praebuisse
869 1245 922 1267 cur
951 1232 1083 1265 diceren-

336 1298 385 1320 tur
403 1293 533 1329 Rmstcae,
558 1287 616 1320 scil.
631 1284 714 1332 quod
733 1284 822 1318 rebus
839 1281 935 1321 sacris,
943 1279 1084 1325 mysticiS,

333 1338 365 1368 ὅ(
384 1334 506 1367 occultis
523 1331 731 1366 conservandis
748 1329 840 1363 effent
847 1329 914 1374 jam
931 1327 1084 1361 adhibitae.

335 1382 393 1416 Sed
412 1393 467 1414 nec
475 1383 638 1414 Trithemius
648 1378 750 1412 Abbas
759 1377 788 1411 in
802 1377 853 1410 fila
868 1372 1083 1419 Polygraphia,

333 1443 388 1464 nec
415 1433 481 1463 Bon.
498 1432 636 1463 Vulcanum
662 1427 694 1460 in
712 1421 980 1459 commentariolis
1006 1432 1083 1466 quos

333 1478 370 1512 de
383 1478 561 1512 Gothorum
580 1480 612 1511 ὅ(
637 1475 763 1509 aliarum
781 1472 932 1507 Gentium
956 1468 1082 1503 boreali-

333 1539 386 1561 um
395 1526 496 1560 litteris
509 1525 623 1567 edidit,
645 1523 694 1557 vel
712 1521 878 1568 quidquam
897 1517 1031 1566 produnt
1041 1516 1080 1551 de

332 1587 408 1608 voce
426 1576 541 1617 Kranioi,
564 1573 614 1607 vel
630 1571 796 1617 agnostunt
812 1567 938 1616 quidem
955 1566 1080 1601 nomine

332 1633 423 1656 tenus.
473 1623 525 1656 Ne
543 1620 561 1664 (
577 1620 660 1667 quod
689 1619 785 1653 miror
800 1618 812 1656 )
848 1617 909 1663 ipse
940 1618 1081 1660 Algrimus

332 1675 411 1711 Jonas
431 1671 461 1704 in
475 1665 719 1716 iuaCrymogrz‘i,
741 1666 796 1700 ubi
817 1665 952 1712 pluribus
964 1663 1029 1710 agit
1041 1662 1081 1697 de

330 1719 414 1753 *hisce
433 1718 530 1753 literis.

378 1773 484 1811 Runicae
502 1777 645 1814 praeterea
662 1775 874 1813 nuncupentur
889 1790 901 1808 .,
926 1762 988 1798 five
1010 1772 1079 1808 my-

333 1816 411 1854 sticae
426 1819 457 1850 ὃ(
476 1816 610 1857 occultae,
634 1827 701 1850 tum
711 1815 793 1863 quod
802 1815 841 1849 ab
853 1814 978 1848 aliarum
993 1811 1079 1845 Gen·

331 1866 407 1899 tium
428 1864 528 1906 literis,
552 1862 629 1899 mira
646 1864 811 1911 discrepant
825 1858 994 1896 insolentia:
1011 1869 1077 1894 tum

330 1913 404 1947 vero
421 1913 502 1959 quod
519 1914 551 1947 in
568 1913 690 1947 occultis
702 1913 757 1946 suis
773 1911 906 1952 scientiis,
922 1908 996 1957 puta
1013 1920 1079 1943 ma-

331 1962 404 2006 gicis
416 1965 448 1996 ὅ(
466 1961 717 2008 praestigiatOriis,
750 1961 859 2008 quibus
875 1957 1004 1993 borealis
1027 1956 1079 1991 illa

329 2010 433 2044 mundi
449 2023 517 2056 pars
533 2023 596 2056 prae
614 2010 727 2044 caeteris
743 2009 836 2055 pollet
848 2012 879 2043 ὃ(
894 2006 1009 2054 polluta
1024 2005 1081 2047 est,

329 2057 496 2104 hujusmodi
520 2058 615 2090 literae
628 2060 660 2089 ὃς
673 2057 860 2089 characteres
889 2056 938 2096 (ut
949 2054 1008 2085 illae
1017 2054 1078 2085 Ca-

331 2107 402 2152 nopi
420 2106 451 2139 in
468 2104 642 2151 AEgypto)
670 2102 804 2137 maxime
812 2100 954 2137 claruere.
966 2099 1078 2133 Dican-

333 2164 380 2187 tur
399 2157 431 2188 &
443 2153 567 2200 perinde
585 2152 695 2185 harum
711 2151 866 2184 literarum
884 2152 916 2182 &
947 2147 1079 2181 scientia-

332 2214 401 2236 rum
413 2200 600 2247 profeffore5‚
623 2204 735 2242 Runici,
757 2197 798 2232 fit
809 2194 955 2244 appofite,
995 2192 1078 2241 quafi

333 2249 545 2295 Mystagogae,
566 2247 792 2293 habeanturque
806 2245 899 2280 iidem
917 2242 1000 2290 apud
1013 2244 1078 2277 Da-

332 2310 387 2331 nos
401 2301 432 2332 δί
450 2297 580 2338 Gothos,
603 2297 655 2344 qui
681 2295 828 2329 Britannis
854 2291 961 2327 nostris
986 2301 1077 2339 atque

333 2345 440 2387 Gallis,
463 2345 611 2388 Druides,
636 2344 729 2390 Magi
741 2342 822 2391 apud
833 2341 954 2384 Perias,
976 2341 1078 2387 Gym-

331 2393 506 2439 nosophistae
523 2393 604 2441 apud
630 2393 730 2435 Indos,
752 2395 784 2426 &
802 2392 835 2427 in
863 2390 970 2439 quavis
1000 2401 1078 2435 pene

334 2443 435 2477 Gente
453 2441 566 2478 similes.

383 2492 419 2525 In
436 2503 474 2524 eo
495 2490 625 2538 denique
641 2489 724 2537 quod
736 2488 904 2524 saxonibus
920 2486 995 2522 olim
1007 2485 1078 2521 alias

335 2539 424 2584 pyne
443 2539 479 2573 al.
498 2552 606 2584 pune,
646 2538 717 2573 alias
734 2538 871 2585 gepyne
889 2540 922 2571 ὃ(
941 2548 1076 2583 genune

337 2588 466 2633 legimus
483 2587 683 2624 inconstanter
696 2601 706 2632 3
721 2585 952 2633 intelligendum
968 2584 1079 2631 est,ge‚

336 2636 513 2681 particulam
527 2635 585 2670 esse
603 2647 672 2670 tum
692 2635 773 2683 apud
790 2636 923 2669 Saxones
951 2632 1078 2675 nostros,

335 2693 403 2717 turn
427 2684 507 2731 apud
524 2685 717 2718 Gerrnannos
744 2695 848 2718 omnes
873 2682 887 2727 (
905 2681 954 2716 [ed
971 2681 1079 2727 aspira-

337 2742 413 2773 tum,
437 2737 516 2778 gbe,
542 2733 581 2767 ab
593 2730 802 2775 inferioribus)
817 2742 887 2777 quae
899 2743 962 2764 non
980 2739 1079 2764 mutat

337 2781 417 2813 vocis
440 2780 685 2826 fignificationem
698 2806 708 2822 ,
731 2780 779 2814 sed
808 2789 901 2825 auget
929 2778 1028 2825 potius
1045 2781 1078 2813 &

338 2827 469 2862 adornat.
493 2829 686 2876 Praepositam
695 2829 769 2862 vero
780 2827 850 2862 alias
858 2827 956 2862 verbis
968 2830 999 2861 &
1010 2839 1078 2874 par-

339 2875 443 2921 ticipiis
454 2879 594 2922 praetcriti
608 2876 838 2925 temporiS,alias
849 2875 1030 2917 verbalibus,
1046 2879 1078 2911 ὃ(

340 2923 377 2955 ad
390 2925 528 2958 Auctoris
537 2926 697 2972 aliquando
716 2925 869 2972 placstffln,
885 2923 1035 2959 nonnullis
1046 2937 1078 2959 a·

340 2969 393 3003 liis.
439 2972 569 3017 Majores
590 2973 681 3008 nostri
707 2975 903 3008 Normannos
918 2972 1080 3015 imitantes,

340 3016 417 3051 hanc
436 3020 465 3053 in
478 3032 497 3065 y
514 3031 681 3063 mutarunt,
705 3033 740 3066 ut
751 3025 901 3057 chauceroes
908 3020 1020 3069 paffim.
1037 3022 1079 3056 Et

340 3065 439 3117 quoad
452 3079 471 3099 u
490 3069 518 3101 in
531 3081 551 3114 y
568 3070 791 3115 migrationem,
813 3074 845 3105 &
856 3069 1080 3112 econtra,illud

341 3121 433 3144 etiam
451 3116 607 3163 unicuique
618 3117 697 3152 ceffit
709 3130 765 3163 pro
781 3119 905 3152 arbitrio
921 3119 998 3152 inter
1015 3121 1079 3153 An.

341 3159 546 3213 glo-Saxones,
569 3175 601 3198 ut
609 3164 730 3199 infinitis
745 3165 844 3211 palam
856 3164 900 3200 est
911 3167 1063 3212 exemplis.

391 3207 485 3262 V¹flC⁵
519 3222 578 3253 quo
612 3225 768 3247 naevorum
805 3226 946 3248 meorum
980 3215 1080 3260 rapior

342 3254 575 3298 blandmentis,
596 3267 629 3290 tu
646 3261 726 3304 quod
743 3262 835 3296 sanius
848 3261 901 3296 tibi
919 3260 1080 3304 videbitur,

342 3303 535 3349 amplectere,
556 3304 717 3350 initamque
729 3308 860 3343 nostram
884 3309 949 3343 cole
977 3311 1079 3345 amici-

341 3352 422 3385 tiam.
471 3353 550 3386 Bene
574 3351 647 3386 vale.
670 3358 785 3387 Lmiz'ni
802 3356 814 3398 (
833 3357 995 3401 pullulante
1013 3357 1078 3404 jam

341 3399 497 3443 Epidemia
513 3412 606 3447 quam
622 3411 736 3435 avertat
754 3403 864 3441 Deus)
881 3405 980 3439 Nonis
997 3402 1080 3441 Mali

341 3447 423 3500 CJD-
440 3449 482 3489 ID
490 3450 623 3484 DXXX.
635 3448 652 3483 ὲ·
661 3449 728 3483 Vico
746 3451 899 3492 Barbacan,

342 3506 431 3529 marn.

999 3452 1078 3487 Haf.

1124 599 1183 645 guA
1208 601 1343 632 Saxonica
1366 609 1470 631 crucem
1486 600 1631 643 signficat.
1647 601 1721 642 Glofs
1738 606 1816 636 Crux
1836 606 1883 637 vel

1123 652 1233 690 staurus
1250 650 1332 686 lanu.
1378 645 1561 692 Symbolum
1587 648 1806 694 Apostolorum
1826 649 1884 686 lin-

1131 694 1193 742 gua
1211 697 1284 730 Sax.
1293 706 1336 734 un
1347 701 1425 734 tut
1437 704 1458 733 a
1470 698 1610 741 mugen.
1631 696 1650 730 i.
1676 703 1757 732 cruca·
1774 699 1885 742 affixus.

1130 748 1235 792 Atque
1264 745 1335 779 inde
1369 741 1467 778 forsan
1485 747 1655 793 issuugstah
1669 747 1881 784 accufitiom-

1129 795 1207 840 pitis.
1254 793 1347 840 Apud
1365 795 1504 834 otfridum
1519 794 1648 840 Evangl.
1657 793 1707 828 lib,
1718 803 1756 839 4.
1769 807 1833 842 cap.
1845 806 1882 843 4.

1129 842 1287 877 Wlleram:
1304 843 1336 876 in
1349 842 1467 876 Cantic.
1478 843 1630 878 Cantioor.
1642 843 1723 877 Haec
1740 843 1881 892 inlegem

1128 890 1214 925 illam
1232 892 1456 936 Lindenbrogius,
1480 904 1574 938 quam
1609 904 1660 926 me
1681 888 1778 926 fateor
1806 903 1882 928 atta-

1131 952 1203 974 men
1215 952 1277 974 non
1295 939 1482 986 intelligere:
1504 939 1560 975 nifi
1569 940 1629 975 hoc
1637 939 1718 974 forte
1735 940 1882 977 voluerit-2

1130 987 1216 1035 quod
1251 985 1428 1023 interfector
1457 988 1538 1023 ultra
1565 1000 1707 1025 aeteram
1732 988 1883 1026 mulcham

1130 1037 1224 1071 Cruci
1243 1037 1335 1070 etiarn
1349 1035 1521 1079 dominicae,
1556 1050 1624 1086 quae
1649 1039 1681 1073 in
1703 1050 1884 1087 unaquaque

1130 1083 1260 1120 Ecclesia
1277 1083 1456 1127 habebatur,
1485 1086 1557 1120 Cxx
1573 1086 1680 1120 splidos
1696 1087 1794 1121 veniae
1805 1087 1885 1122 redi—

1130 1134 1250 1169 mendae
1282 1131 1380 1180 gratia
1406 1132 1560 1169 delibaret.
1621 1135 1716 1169 Certe
1750 1136 1885 1172 Saxones

1130 1183 1234 1225 nostri,
1251 1183 1386 1217 Crucem
1400 1189 1469 1227 poc>
1490 1182 1700 1228 appellarunt:
1724 1184 1826 1219 Etiam
1838 1184 1884 1219 lo-

1130 1245 1202 1267 cum
1231 1231 1473 1272 eminentiorem,
1496 1233 1600 1278 quoin
1621 1231 1758 1267 Ecclefiis
1769 1232 1886 1268 fisteba·

1130 1292 1190 1322 tur,
1216 1279 1325 1326 posteri
1343 1281 1397 1324 ‘be
1411 1284 1573 1321 muussluft.
1621 1281 1711 1322 Quin
1738 1284 1770 1316 &
1800 1281 1885 1319 diem

1129 1340 1200 1375 quae
1216 1329 1389 1361 exaltationi
1403 1330 1512 1364 erutis
1537 1329 1659 1365 addicta
1688 1328 1758 1372 fuit,
1790 1329 1883 1364 hodie

1129 1389 1184 1409 nos
1200 1380 1276 1420 bul?
1288 1384 1363 1415 tune
1378 1384 1441 1422 nup
1459 1388 1614 1421 vocamus,
1648 1379 1668 1412 i.
1685 1380 1758 1412 diem
1779 1380 1881 1419 sanflae

1127 1427 1233 1477 oerum.
1279 1425 1382 1457 Etiam
1412 1426 1492 1457 stenes
1526 1425 1629 1459 audivi
1648 1437 1724 1470 puer
1737 1450 1748 1466 ,
1777 1426 1882 1472 saepius

1123 1481 1274 1517 juranteS,
1296 1473 1340 1517 hp
1350 1473 1405 1516 ωε
1417 1474 1520 1512 mut,
1536 1472 1554 1504 i.
1569 1483 1618 1518 per
1629 1477 1749 1506 Crucem.

1127 1516 1200 1603 lib}
1224 1518 1359 1567 Ruppis,
1375 1517 1460 1567 Pit]
1484 1519 1557 1554 Brit.
1573 1522 1695 1555 Armor.
1716 1519 1877 1567 Philippici.

1127 1672 1235 1701 Littore
1251 1672 1395 1713 Sequania,
1419 1681 1507 1704 muros
1524 1666 1572 1704 ubi
1596 1670 1686 1714 postea
1703 1666 1807 1713 ruppis

1126 1719 1271 1751 Gaillardae
1279 1719 1399 1759 struxit.

1173 1814 1296 1861 Opinor
1312 1812 1395 1849 idem
1414 1816 1497 1863 quod
1511 1822 1613 1863 Rupta,
1629 1812 1712 1864 quod
1724 1811 1803 1847 vide.

1175 1859 1199 1908 ff
1223 1860 1414 1908 Ruptarius‚
1438 1863 1480 1902 ἐς·
1508 1862 1648 1910 Rapta,
1672 1858 1753 1907 ιιι]
1783 1862 1877 1896 Forte

1126 1911 1220 1946 etiarn
1238 1912 1369 1958 Ruppis.
1873 1945 1875 1947 ,

1173 1956 1197 2005 ff
1221 1960 1343 2016 Rupta,
1355 1957 1436 2006 taz]
1461 1959 1546 1995 Idem
1564 1960 1648 2009 quod
1660 1967 1746 2004 Routa
1762 1962 1796 1994 &
1806 1965 1880 2004 Ruta

1126 2008 1355 2088 ςυῗὶίῖιξῑῑεω
1371 2064 1483 2095 tm‘ma,
1506 2054 1626 2100 globus,
1647 2054 1764 2097 cohors,
1779 2053 1877 2089 mani—

1125 2100 1260 2183 pnlliiiito
1277 2124 1426 2183 Armoric.
1446 2147 1607 2195 Philippid.
1620 2147 1670 2183 lib.
1694 2151 1733 2195 7}

1637 2250 1717 2281 Sume
1731 2244 1842 2281 cliente}

1124 2297 1204 2329 Miffe
1221 2305 1317 2341 quater
1321 2286 1425 2341 pedins
1442 2306 1543 2339 tecum,
1564 2298 1710 2341 lupicarica
1735 2305 1826 2342 rupta.

1125 2348 1178 2377 Fac
1191 2355 1255 2377 eat:
1282 2349 1322 2378 ite
1340 2347 1428 2386 fimul
1438 2344 1571 2385 tenebrosi
1596 2347 1676 2379 noar&
1694 2350 1726 2378 in
1743 2344 1848 2378 umbra.

1174 2441 1224 2475 De
1241 2452 1303 2487 quo
1316 2439 1469 2475 Meurfius
1486 2439 1674 2476 invocabulo
1692 2439 1870 2487 ‘nygomni-

1124 2487 1168 2523 hil
1185 2487 1228 2522 est
1251 2488 1398 2536 (inquit)
1426 2488 1509 2535 quod
1527 2488 1617 2522 hodie
1650 2489 1749 2523 editur
1770 2499 1873 2523 tecum

1124 2537 1284 2584 lupicarica
1300 2549 1390 2583 rupea,
1412 2538 1497 2571 Nam
1524 2536 1674 2582 lupicarus
1696 2548 1774 2571 unus
1789 2534 1833 2570 est
1854 2535 1873 2569 ὲ

1125 2583 1282 2632 ρτεὶεέὶίε.
1300 2582 1436 2633 Ideoque
1465 2585 1488 2618 is
1499 2583 1538 2618 fic
1555 2583 1696 2619 emendat
1711 2584 1874 2631 lupioerica

1125 2644 1212 2669 rutra⁴
1259 2634 1352 2668 Certe
1377 2634 1556 2680 Lupicarica
1596 2632 1694 2668 littera
1709 2632 1871 2680 majustula

1124 2681 1310 2717 scribendum
1323 2693 1397 2725 erat,
1419 2695 1491 2718 nam
1515 2680 1599 2729 quod
1610 2681 1693 2716 reete
1708 2679 1817 2723 afferst,
1832 2680 1872 2716 ad

1125 2744 1240 2766 nomen
1269 2732 1428 2778 proprium
1446 2730 1594 2778 pertinet,
1626 2729 1675 2764 sed
1704 2729 1787 2764 recte
1804 2728 1872 2771 fitis

1125 2791 1214 2827 rupta
1224 2779 1346 2825 legitur,
1369 2779 1502 2826 &juxta
1517 2779 1654 2813 animum
1662 2778 1807 2819 authoris,
1817 2777 1873 2824 qui

1125 2829 1229 2876 saepius
1246 2840 1285 2861 eo
1294 2828 1402 2870 utitur,
1423 2841 1487 2863 non
1518 2827 1740 2861 Germanicum
1751 2825 1800 2860 sed
1823 2825 1870 2859 su-

1126 2890 1180 2912 urn
1191 2877 1306 2912 secutus
1330 2875 1444 2912 idioma
1456 2901 1469 2919 ‚
1503 2875 1553 2909 cui
1569 2874 1662 2910 etiam
1681 2877 1715 2909 &
1731 2872 1870 2908 nostrum

1125 2939 1190 2961 non
1205 2924 1249 2960 est
1269 2924 1401 2959 alienum
1416 2925 1471 2971 qui
1499 2922 1559 2957 alio
1585 2922 1666 2957 stnfil
1694 2925 1871 2964 hantktuut

1124 2977 1163 3010 &
1176 2975 1372 3020 hmtkttmte
1383 2969 1584 3009 indifferenter
1606 2970 1740 3006 dicimus.

1173 3023 1232 3058 Sed
1244 3023 1341 3070 ipfiun
1363 3022 1518 3056 Britonem
1538 3020 1609 3054 alias
1629 3019 1700 3054 audi
1722 3032 1762 3054 ne
1784 3031 1870 3054 men-

1126 3072 1195 3107 dose
1208 3071 1258 3106 hic
1279 3071 1331 3106 vel
1341 3071 1370 3105 ei
1381 3070 1432 3105 vel
1448 3069 1581 3116 scriptori
1599 3068 1689 3102 rearis
1704 3065 1870 3114 obrepfiffes

1126 3121 1176 3155 Sic
1187 3120 1269 3154 enirn
1285 3119 1334 3154 ille
1347 3118 1396 3153 lib.
1420 3130 1452 3164 5.
1479 3118 1519 3152 de
1534 3117 1683 3164 Episcopo
1698 3115 1818 3154 Belmci
1834 3117 1868 3149 ὃς

1126 3169 1254 3205 domino
1271 3167 1397 3204 Melloti
1411 3166 1575 3215 captivatis.

1127 3314 1208 3357 Quos
1238 3315 1430 3347 Rdarcharderi
1439 3315 1481 3355 sic
1504 3311 1594 3350 claufit
1611 3316 1699 3353 rupta
1715 3309 1786 3353 quod
1794 3307 1872 3341 amba

1127 3368 1203 3395 Dum
1212 3367 1313 3407 patrie
1333 3372 1466 3407 pugnant,
1501 3361 1574 3402 capti
1596 3360 1734 3401 vinffique
1748 3358 1848 3400 catem'q

1126 3415 1238 3446 Carcere
1259 3413 1346 3446 multa
1362 3415 1410 3444 diu
1424 3409 1504 3449 αἰνῶ
1516 3416 1646 3440 tormenta
1659 3407 1786 3452 tufam&

1827 3544 1872 3585 Et
