<?xml version="1.0" encoding="UTF-8"?>
<!DOCTYPE html PUBLIC "-//W3C//DTD XHTML 1.0 Transitional//EN"
    "http://www.w3.org/TR/xhtml1/DTD/xhtml1-transitional.dtd">
<html xmlns="http://www.w3.org/1999/xhtml" xml:lang="en" lang="en">
 <head>
  <title>
</title>
<meta http-equiv="Content-Type" content="text/html;charset=utf-8" />
  <meta name='ocr-system' content='tesseract 3.04.00' />
  <meta name='ocr-capabilities' content='ocr_page ocr_carea ocr_par ocr_line ocrx_word'/>
</head>
<body>
  <div class='ocr_page' id='page_1' title='image "./glossariumarchia00spel_0014.png"; bbox 0 0 2305 3809; ppageno 0'>
   <div class='ocr_carea' id='block_1_1' title="bbox 173 98 2159 121">
    <p class='ocr_par' dir='ltr' id='par_1_1' title="bbox 173 98 2159 121">
     <span class='ocr_line' id='line_1_1' title="bbox 173 98 2159 121; baseline 0 3688"><span class='ocrx_word' id='word_1_1' title='bbox 173 98 2159 121; x_wconf 95' lang='lat' dir='ltr'><em> </em></span> 
     </span>
    </p>
   </div>
   <div class='ocr_carea' id='block_1_2' title="bbox 169 207 2159 232">
    <p class='ocr_par' dir='ltr' id='par_1_2' title="bbox 169 207 2159 232">
     <span class='ocr_line' id='line_1_2' title="bbox 169 207 2159 232; baseline 0 3577"><span class='ocrx_word' id='word_1_2' title='bbox 169 207 2159 232; x_wconf 95' lang='lat' dir='ltr'><em> </em></span> 
     </span>
    </p>
   </div>
   <div class='ocr_carea' id='block_1_3' title="bbox 187 2298 402 2369">
    <p class='ocr_par' dir='ltr' id='par_1_3' title="bbox 187 2298 402 2369">
     <span class='ocr_line' id='line_1_3' title="bbox 187 2298 402 2344; baseline -0.014 -15"><span class='ocrx_word' id='word_1_3' title='bbox 187 2298 402 2344; x_wconf 57' lang='lat' dir='ltr'><em>Proeffitadfin.</em></span> 
     </span>
     <span class='ocr_line' id='line_1_4' title="bbox 188 2344 331 2369; baseline -0.007 -1"><span class='ocrx_word' id='word_1_4' title='bbox 188 2344 231 2368; x_wconf 63' lang='grc' dir='ltr'><em>ΑΙ.</em></span> <span class='ocrx_word' id='word_1_5' title='bbox 249 2344 331 2369; x_wconf 66' lang='lat' dir='ltr'><em>Paris.</em></span> 
     </span>
    </p>
   </div>
   <div class='ocr_carea' id='block_1_4' title="bbox 196 3184 389 3254">
    <p class='ocr_par' dir='ltr' id='par_1_4' title="bbox 196 3184 389 3254">
     <span class='ocr_line' id='line_1_5' title="bbox 196 3184 389 3221; baseline 0 -8"><span class='ocrx_word' id='word_1_6' title='bbox 196 3184 277 3214; x_wconf 56' lang='lat' dir='ltr'><em>Prwf.</em></span> <span class='ocrx_word' id='word_1_7' title='bbox 301 3186 389 3221; x_wconf 71' lang='lat' dir='ltr'><em>primo</em></span> 
     </span>
     <span class='ocr_line' id='line_1_6' title="bbox 197 3226 380 3254; baseline 0.011 -3"><span class='ocrx_word' id='word_1_8' title='bbox 197 3226 281 3253; x_wconf 60' lang='lat' dir='ltr'><em>(ont.</em></span> <span class='ocrx_word' id='word_1_9' title='bbox 296 3234 380 3254; x_wconf 80' lang='lat' dir='ltr'><em>tomo.</em></span> 
     </span>
    </p>
   </div>
   <div class='ocr_carea' id='block_1_5' title="bbox 780 116 1473 197">
    <p class='ocr_par' dir='ltr' id='par_1_5' title="bbox 780 116 1473 197">
     <span class='ocr_line' id='line_1_7' title="bbox 780 116 1473 197; baseline -0.009 -14"><span class='ocrx_word' id='word_1_10' title='bbox 780 121 1046 197; x_wconf 64' lang='lat' dir='ltr'><em>Praefatio</em></span> <span class='ocrx_word' id='word_1_11' title='bbox 1081 117 1152 179; x_wconf 79' lang='lat' dir='ltr'><em>eid</em></span> <span class='ocrx_word' id='word_1_12' title='bbox 1191 116 1473 179; x_wconf 51' lang='lat' dir='ltr'><em>Lei‘loremt</em></span> 
     </span>
    </p>
   </div>
   <div class='ocr_carea' id='block_1_6' title="bbox 393 237 1962 1666">
    <p class='ocr_par' dir='ltr' id='par_1_6' title="bbox 393 237 1950 1119">
     <span class='ocr_line' id='line_1_8' title="bbox 393 237 1935 306; baseline 0.001 -20"><span class='ocrx_word' id='word_1_13' title='bbox 393 244 467 306; x_wconf 81' lang='lat' dir='ltr'><em>gia</em></span> <span class='ocrx_word' id='word_1_14' title='bbox 504 248 520 297; x_wconf 92' lang='lat'>(</span> <span class='ocrx_word' id='word_1_15' title='bbox 537 247 584 288; x_wconf 89' lang='lat' dir='ltr'><em>mi</em></span> <span class='ocrx_word' id='word_1_16' title='bbox 605 260 703 288; x_wconf 82' lang='lat' dir='ltr'><em>erum</em></span> <span class='ocrx_word' id='word_1_17' title='bbox 718 259 771 287; x_wconf 89' lang='lat' dir='ltr'><em>me</em></span> <span class='ocrx_word' id='word_1_18' title='bbox 794 243 843 305; x_wconf 83' lang='lat' dir='ltr'><em>l)</em></span> <span class='ocrx_word' id='word_1_19' title='bbox 880 240 1022 289; x_wconf 69' lang='lat' dir='ltr'><em>Mater</em></span> <span class='ocrx_word' id='word_1_20' title='bbox 1041 241 1146 286; x_wconf 79' lang='lat' dir='ltr'><em>exuit</em></span> <span class='ocrx_word' id='word_1_21' title='bbox 1165 257 1246 285; x_wconf 90' lang='lat' dir='ltr'><em>cum</em></span> <span class='ocrx_word' id='word_1_22' title='bbox 1248 237 1507 303; x_wconf 71' lang='lat' dir='ltr'><em>stptemdecim</em></span> <span class='ocrx_word' id='word_1_23' title='bbox 1535 245 1693 291; x_wconf 82' lang='lat' dir='ltr'><em>AEtates</em></span> <span class='ocrx_word' id='word_1_24' title='bbox 1706 259 1776 288; x_wconf 85' lang='lat' dir='ltr'><em>non</em></span> <span class='ocrx_word' id='word_1_25' title='bbox 1793 242 1935 304; x_wconf 79' lang='lat' dir='ltr'><em>saluta-</em></span> 
     </span>
     <span class='ocr_line' id='line_1_9' title="bbox 393 305 1938 376; baseline -0.001 -19"><span class='ocrx_word' id='word_1_26' title='bbox 393 324 522 357; x_wconf 72' lang='lat' dir='ltr'><em>&#39;veram</em></span> <span class='ocrx_word' id='word_1_27' title='bbox 543 350 555 370; x_wconf 82' lang='lat'>‚</span> <span class='ocrx_word' id='word_1_28' title='bbox 603 311 826 375; x_wconf 63' lang='lat' dir='ltr'><em>trajeiioque</em></span> <span class='ocrx_word' id='word_1_29' title='bbox 846 310 1027 356; x_wconf 84' lang='lat' dir='ltr'><em>celerrime</em></span> <span class='ocrx_word' id='word_1_30' title='bbox 1050 305 1345 355; x_wconf 82' lang='lat' dir='ltr'><em>Lincolnienfi</em></span> <span class='ocrx_word' id='word_1_31' title='bbox 1379 309 1558 373; x_wconf 75' lang='lat' dir='ltr'><em>Hospitio</em></span> <span class='ocrx_word' id='word_1_32' title='bbox 1579 347 1592 369; x_wconf 87' lang='lat'><em>,</em></span> <span class='ocrx_word' id='word_1_33' title='bbox 1629 311 1666 356; x_wconf 90' lang='lat' dir='ltr'><em>in</em></span> <span class='ocrx_word' id='word_1_34' title='bbox 1693 312 1853 376; x_wconf 77' lang='lat' dir='ltr'><em>patrium</em></span> <span class='ocrx_word' id='word_1_35' title='bbox 1871 308 1938 376; x_wconf 68' lang='lat' dir='ltr'><em>Jo-</em></span> 
     </span>
     <span class='ocr_line' id='line_1_10' title="bbox 395 373 1937 443; baseline 0.001 -19"><span class='ocrx_word' id='word_1_36' title='bbox 395 379 472 424; x_wconf 82' lang='lat' dir='ltr'><em>lum</em></span> <span class='ocrx_word' id='word_1_37' title='bbox 499 375 700 441; x_wconf 83' lang='lat' dir='ltr'><em>adolescens</em></span> <span class='ocrx_word' id='word_1_38' title='bbox 717 391 877 424; x_wconf 61' lang='lat' dir='ltr'><em>revocor.</em></span> <span class='ocrx_word' id='word_1_39' title='bbox 953 375 1144 422; x_wconf 66' lang='lat' dir='ltr'><em>Gravihus</em></span> <span class='ocrx_word' id='word_1_40' title='bbox 1174 373 1253 427; x_wconf 78' lang='lat' dir='ltr'><em>hinc</em></span> <span class='ocrx_word' id='word_1_41' title='bbox 1286 376 1368 422; x_wconf 88' lang='lat' dir='ltr'><em>inde</em></span> <span class='ocrx_word' id='word_1_42' title='bbox 1381 379 1572 443; x_wconf 85' lang='lat' dir='ltr'><em>implicitus</em></span> <span class='ocrx_word' id='word_1_43' title='bbox 1604 381 1756 443; x_wconf 79' lang='lat' dir='ltr'><em>negotiis</em></span> <span class='ocrx_word' id='word_1_44' title='bbox 1774 380 1937 442; x_wconf 68' lang='lat' dir='ltr'><em>privatis</em></span> 
     </span>
     <span class='ocr_line' id='line_1_11' title="bbox 400 437 1941 516; baseline -0.001 -24"><span class='ocrx_word' id='word_1_45' title='bbox 400 447 423 508; x_wconf 88' lang='lat'><em>(</em></span> <span class='ocrx_word' id='word_1_46' title='bbox 439 464 501 492; x_wconf 87' lang='lat' dir='ltr'><em>nec</em></span> <span class='ocrx_word' id='word_1_47' title='bbox 520 464 542 492; x_wconf 75' lang='lat' dir='ltr'><em>a</em></span> <span class='ocrx_word' id='word_1_48' title='bbox 564 445 716 508; x_wconf 84' lang='lat' dir='ltr'><em>publicis</em></span> <span class='ocrx_word' id='word_1_49' title='bbox 750 445 871 502; x_wconf 80' lang='lat' dir='ltr'><em>liber)</em></span> <span class='ocrx_word' id='word_1_50' title='bbox 906 456 960 488; x_wconf 87' lang='lat' dir='ltr'><em>ter</em></span> <span class='ocrx_word' id='word_1_51' title='bbox 975 442 1095 501; x_wconf 74' lang='lat' dir='ltr'><em>rapior</em></span> <span class='ocrx_word' id='word_1_52' title='bbox 1131 442 1168 486; x_wconf 87' lang='lat' dir='ltr'><em>in</em></span> <span class='ocrx_word' id='word_1_53' title='bbox 1202 437 1477 492; x_wconf 84' lang='lat' dir='ltr'><em>Hiberniam.</em></span> <span class='ocrx_word' id='word_1_54' title='bbox 1548 445 1653 504; x_wconf 78' lang='lat' dir='ltr'><em>Qod</em></span> <span class='ocrx_word' id='word_1_55' title='bbox 1672 449 1850 512; x_wconf 84' lang='lat' dir='ltr'><em>reliquum</em></span> <span class='ocrx_word' id='word_1_56' title='bbox 1862 443 1941 516; x_wconf 82' lang='lat' dir='ltr'><em>fuit</em></span> 
     </span>
     <span class='ocr_line' id='line_1_12' title="bbox 400 506 1940 580; baseline 0.001 -21"><span class='ocrx_word' id='word_1_57' title='bbox 400 513 690 578; x_wconf 60' lang='lat' dir='ltr'><em>witiespatium,</em></span> <span class='ocrx_word' id='word_1_58' title='bbox 726 512 820 557; x_wconf 86' lang='lat' dir='ltr'><em>domi</em></span> <span class='ocrx_word' id='word_1_59' title='bbox 838 507 939 572; x_wconf 85' lang='lat' dir='ltr'><em>satis</em></span> <span class='ocrx_word' id='word_1_60' title='bbox 970 506 1160 573; x_wconf 55' lang='lat' dir='ltr'><em>aerumnose</em></span> <span class='ocrx_word' id='word_1_61' title='bbox 1179 509 1303 571; x_wconf 81' lang='lat' dir='ltr'><em>exegi,</em></span> <span class='ocrx_word' id='word_1_62' title='bbox 1338 507 1451 555; x_wconf 85' lang='lat' dir='ltr'><em>denuo</em></span> <span class='ocrx_word' id='word_1_63' title='bbox 1485 515 1558 558; x_wconf 86' lang='lat' dir='ltr'><em>Otii</em></span> <span class='ocrx_word' id='word_1_64' title='bbox 1594 514 1769 580; x_wconf 77' lang='lat' dir='ltr'><em>desiderio</em></span> <span class='ocrx_word' id='word_1_65' title='bbox 1799 529 1940 578; x_wconf 83' lang='lat' dir='ltr'><em>captus,</em></span> 
     </span>
     <span class='ocr_line' id='line_1_13' title="bbox 401 576 1944 648; baseline 0.001 -20"><span class='ocrx_word' id='word_1_66' title='bbox 401 581 670 629; x_wconf 89' lang='lat' dir='ltr'><em>Londinum</em></span> <span class='ocrx_word' id='word_1_67' title='bbox 687 581 792 625; x_wconf 88' lang='lat' dir='ltr'><em>tertio</em></span> <span class='ocrx_word' id='word_1_68' title='bbox 812 578 893 624; x_wconf 80' lang='lat' dir='ltr'><em>binc</em></span> <span class='ocrx_word' id='word_1_69' title='bbox 911 593 1003 623; x_wconf 81' lang='lat' dir='ltr'><em>anno</em></span> <span class='ocrx_word' id='word_1_70' title='bbox 1020 578 1124 623; x_wconf 64' lang='lat' dir='ltr'><em>(veni</em></span> <span class='ocrx_word' id='word_1_71' title='bbox 1142 593 1152 622; x_wconf 80' lang='lat' dir='ltr'><em>t</em></span> <span class='ocrx_word' id='word_1_72' title='bbox 1186 587 1273 638; x_wconf 76' lang='lat' dir='ltr'><em>pace</em></span> <span class='ocrx_word' id='word_1_73' title='bbox 1289 593 1394 623; x_wconf 64' lang='lat' dir='ltr'><em>vero</em></span> <span class='ocrx_word' id='word_1_74' title='bbox 1416 576 1502 622; x_wconf 78' lang='lat' dir='ltr'><em>mihi</em></span> <span class='ocrx_word' id='word_1_75' title='bbox 1516 581 1689 628; x_wconf 64' lang='lat' dir='ltr'><em>videbar</em></span> <span class='ocrx_word' id='word_1_76' title='bbox 1709 582 1944 648; x_wconf 81' lang='lat' dir='ltr'><em>exoptatissi-</em></span> 
     </span>
     <span class='ocr_line' id='line_1_14' title="bbox 399 644 1943 711; baseline -0.002 -16"><span class='ocrx_word' id='word_1_77' title='bbox 399 667 459 695; x_wconf 84' lang='lat' dir='ltr'><em>ma</em></span> <span class='ocrx_word' id='word_1_78' title='bbox 520 651 705 706; x_wconf 77' lang='lat' dir='ltr'><em>ruiturus,</em></span> <span class='ocrx_word' id='word_1_79' title='bbox 744 662 817 711; x_wconf 82' lang='lat' dir='ltr'><em>qua</em></span> <span class='ocrx_word' id='word_1_80' title='bbox 855 644 1053 707; x_wconf 69' lang='lat' dir='ltr'><em>Musiirum</em></span> <span class='ocrx_word' id='word_1_81' title='bbox 1079 645 1228 692; x_wconf 80' lang='lat' dir='ltr'><em>Limina</em></span> <span class='ocrx_word' id='word_1_82' title='bbox 1259 661 1310 690; x_wconf 87' lang='lat' dir='ltr'><em>ex</em></span> <span class='ocrx_word' id='word_1_83' title='bbox 1342 656 1445 691; x_wconf 66' lang='lat' dir='ltr'><em>rooto</em></span> <span class='ocrx_word' id='word_1_84' title='bbox 1492 644 1700 696; x_wconf 74' lang='lat' dir='ltr'><em>delibarem.</em></span> <span class='ocrx_word' id='word_1_85' title='bbox 1769 652 1845 698; x_wconf 71' lang='lat' dir='ltr'><em>Sed</em></span> <span class='ocrx_word' id='word_1_86' title='bbox 1882 654 1943 697; x_wconf 76' lang='lat' dir='ltr'><em>En</em></span> 
     </span>
     <span class='ocr_line' id='line_1_15' title="bbox 399 713 1943 782; baseline 0.002 -21"><span class='ocrx_word' id='word_1_87' title='bbox 399 730 494 762; x_wconf 60' lang='lat' dir='ltr'><em>nova</em></span> <span class='ocrx_word' id='word_1_88' title='bbox 512 718 619 760; x_wconf 88' lang='lat' dir='ltr'><em>inme</em></span> <span class='ocrx_word' id='word_1_89' title='bbox 637 731 758 760; x_wconf 89' lang='lat' dir='ltr'><em>rerum</em></span> <span class='ocrx_word' id='word_1_90' title='bbox 793 714 1003 778; x_wconf 54' lang='lat' dir='ltr'><em>tempestae,</em></span> <span class='ocrx_word' id='word_1_91' title='bbox 1038 725 1135 758; x_wconf 67' lang='lat' dir='ltr'><em>nova</em></span> <span class='ocrx_word' id='word_1_92' title='bbox 1170 713 1289 759; x_wconf 78' lang='lat' dir='ltr'><em>litium</em></span> <span class='ocrx_word' id='word_1_93' title='bbox 1319 714 1427 760; x_wconf 85' lang='lat' dir='ltr'><em>moles</em></span> <span class='ocrx_word' id='word_1_94' title='bbox 1451 714 1632 777; x_wconf 86' lang='lat' dir='ltr'><em>inopinato</em></span> <span class='ocrx_word' id='word_1_95' title='bbox 1661 720 1833 777; x_wconf 79' lang='lat' dir='ltr'><em>proruit!</em></span> <span class='ocrx_word' id='word_1_96' title='bbox 1869 736 1943 782; x_wconf 79' lang='lat' dir='ltr'><em>qua</em></span> 
     </span>
     <span class='ocr_line' id='line_1_16' title="bbox 400 773 1946 846; baseline 0 -17"><span class='ocrx_word' id='word_1_97' title='bbox 400 785 598 829; x_wconf 58' lang='lat' dir='ltr'><em>laetantem</em></span> <span class='ocrx_word' id='word_1_98' title='bbox 626 781 745 828; x_wconf 79' lang='lat' dir='ltr'><em>adbuc</em></span> <span class='ocrx_word' id='word_1_99' title='bbox 766 791 817 832; x_wconf 58' lang='grc' dir='ltr'><em>,ξφ</em></span> <span class='ocrx_word' id='word_1_100' title='bbox 835 783 959 828; x_wconf 60' lang='lat' dir='ltr'><em>marie</em></span> <span class='ocrx_word' id='word_1_101' title='bbox 990 783 1171 845; x_wconf 74' lang='lat' dir='ltr'><em>agitatum</em></span> <span class='ocrx_word' id='word_1_102' title='bbox 1190 819 1202 841; x_wconf 86' lang='lat'><em>,</em></span> <span class='ocrx_word' id='word_1_103' title='bbox 1237 773 1350 842; x_wconf 84' lang='lat' dir='ltr'><em>nescio</em></span> <span class='ocrx_word' id='word_1_104' title='bbox 1391 779 1570 846; x_wconf 81' lang='lat' dir='ltr'><em>quousque</em></span> <span class='ocrx_word' id='word_1_105' title='bbox 1605 781 1801 829; x_wconf 79' lang='lat' dir='ltr'><em>detinuerit</em></span> <span class='ocrx_word' id='word_1_106' title='bbox 1818 785 1946 843; x_wconf 63' lang='lat' dir='ltr'><em>,Poe-</em></span> 
     </span>
     <span class='ocr_line' id='line_1_17' title="bbox 406 849 1948 916; baseline -0.001 -20"><span class='ocrx_word' id='word_1_107' title='bbox 406 864 422 896; x_wconf 87' lang='lat' dir='ltr'><em>t</em></span> <span class='ocrx_word' id='word_1_108' title='bbox 485 863 606 897; x_wconf 84' lang='lat' dir='ltr'><em>autem</em></span> <span class='ocrx_word' id='word_1_109' title='bbox 638 850 727 896; x_wconf 89' lang='lat' dir='ltr'><em>illud</em></span> <span class='ocrx_word' id='word_1_110' title='bbox 751 863 850 897; x_wconf 87' lang='lat' dir='ltr'><em>teneo</em></span> <span class='ocrx_word' id='word_1_111' title='bbox 855 878 954 887; x_wconf 50' lang='lat'><em>-----</em></span> <span class='ocrx_word' id='word_1_112' title='bbox 958 849 1084 898; x_wconf 77' lang='lat' dir='ltr'><em>Dabit</em></span> <span class='ocrx_word' id='word_1_113' title='bbox 1104 852 1215 898; x_wconf 79' lang='lat' dir='ltr'><em>Deus</em></span> <span class='ocrx_word' id='word_1_114' title='bbox 1254 850 1460 913; x_wconf 58' lang='lat' dir='ltr'><em>lnisquoque</em></span> <span class='ocrx_word' id='word_1_115' title='bbox 1483 852 1611 916; x_wconf 79' lang='lat' dir='ltr'><em>finem.</em></span> <span class='ocrx_word' id='word_1_116' title='bbox 1685 850 1823 899; x_wconf 89' lang='lat' dir='ltr'><em>Habes</em></span> <span class='ocrx_word' id='word_1_117' title='bbox 1859 856 1948 900; x_wconf 77' lang='lat' dir='ltr'><em>Vitae</em></span> 
     </span>
     <span class='ocr_line' id='line_1_18' title="bbox 402 915 1950 983; baseline 0.001 -18"><span class='ocrx_word' id='word_1_118' title='bbox 402 920 528 983; x_wconf 75' lang='lat' dir='ltr'><em>nostrae</em></span> <span class='ocrx_word' id='word_1_119' title='bbox 548 920 793 983; x_wconf 81' lang='lat' dir='ltr'><em>compendium</em></span> <span class='ocrx_word' id='word_1_120' title='bbox 807 934 824 979; x_wconf 78' lang='lat'><em>3</em></span> <span class='ocrx_word' id='word_1_121' title='bbox 858 932 893 965; x_wconf 87' lang='lat' dir='ltr'><em>et</em></span> <span class='ocrx_word' id='word_1_122' title='bbox 930 923 1067 983; x_wconf 81' lang='lat' dir='ltr'><em>(quam</em></span> <span class='ocrx_word' id='word_1_123' title='bbox 1081 918 1221 977; x_wconf 68' lang='lat' dir='ltr'><em>vides)</em></span> <span class='ocrx_word' id='word_1_124' title='bbox 1255 934 1427 981; x_wconf 78' lang='lat' dir='ltr'><em>magnam</em></span> <span class='ocrx_word' id='word_1_125' title='bbox 1462 920 1605 966; x_wconf 79' lang='lat' dir='ltr'><em>Amoris</em></span> <span class='ocrx_word' id='word_1_126' title='bbox 1620 915 1846 983; x_wconf 79' lang='lat' dir='ltr'><em>effufionem,</em></span> <span class='ocrx_word' id='word_1_127' title='bbox 1883 921 1950 966; x_wconf 87' lang='lat' dir='ltr'><em>do-</em></span> 
     </span>
     <span class='ocr_line' id='line_1_19' title="bbox 403 986 1949 1053; baseline 0 -19"><span class='ocrx_word' id='word_1_128' title='bbox 403 1005 466 1034; x_wconf 87' lang='lat' dir='ltr'><em>nec</em></span> <span class='ocrx_word' id='word_1_129' title='bbox 499 988 580 1034; x_wconf 86' lang='lat' dir='ltr'><em>aliis</em></span> <span class='ocrx_word' id='word_1_130' title='bbox 608 989 679 1033; x_wconf 88' lang='lat' dir='ltr'><em>tuis</em></span> <span class='ocrx_word' id='word_1_131' title='bbox 725 993 821 1051; x_wconf 80' lang='lat' dir='ltr'><em>(per</em></span> <span class='ocrx_word' id='word_1_132' title='bbox 839 988 1002 1047; x_wconf 86' lang='lat' dir='ltr'><em>literas)</em></span> <span class='ocrx_word' id='word_1_133' title='bbox 1046 986 1201 1053; x_wconf 79' lang='lat' dir='ltr'><em>quaesitis</em></span> <span class='ocrx_word' id='word_1_134' title='bbox 1247 986 1470 1050; x_wconf 64' lang='lat' dir='ltr'><em>reffpondero.</em></span> <span class='ocrx_word' id='word_1_135' title='bbox 1561 988 1700 1034; x_wconf 62' lang='lat' dir='ltr'><em>Saneie</em></span> <span class='ocrx_word' id='word_1_136' title='bbox 1728 1000 1763 1034; x_wconf 88' lang='lat' dir='ltr'><em>et</em></span> <span class='ocrx_word' id='word_1_137' title='bbox 1785 986 1949 1053; x_wconf 85' lang='lat' dir='ltr'><em>feliciter</em></span> 
     </span>
     <span class='ocr_line' id='line_1_20' title="bbox 405 1052 1354 1119; baseline -0.002 -17"><span class='ocrx_word' id='word_1_138' title='bbox 405 1057 507 1103; x_wconf 63' lang='lat' dir='ltr'><em>vale.</em></span> <span class='ocrx_word' id='word_1_139' title='bbox 565 1055 764 1103; x_wconf 85' lang='lat' dir='ltr'><em>Londini</em></span> <span class='ocrx_word' id='word_1_140' title='bbox 793 1058 848 1103; x_wconf 78' lang='lat'><em>18</em></span> <span class='ocrx_word' id='word_1_141' title='bbox 866 1054 936 1103; x_wconf 90' lang='lat' dir='ltr'><em>die</em></span> <span class='ocrx_word' id='word_1_142' title='bbox 948 1052 1172 1119; x_wconf 76' lang='lat' dir='ltr'><em>Septembris</em></span> <span class='ocrx_word' id='word_1_143' title='bbox 1213 1057 1354 1119; x_wconf 75' lang='lat'>1615.</span> 
     </span>
    </p>

    <p class='ocr_par' dir='ltr' id='par_1_7' title="bbox 404 1120 1962 1666">
     <span class='ocr_line' id='line_1_21' title="bbox 472 1120 1951 1188; baseline 0.001 -18"><span class='ocrx_word' id='word_1_144' title='bbox 472 1123 672 1186; x_wconf 82' lang='lat' dir='ltr'><em>Equestri</em></span> <span class='ocrx_word' id='word_1_145' title='bbox 691 1123 856 1173; x_wconf 89' lang='lat' dir='ltr'><em>Titulo</em></span> <span class='ocrx_word' id='word_1_146' title='bbox 871 1122 1126 1172; x_wconf 85' lang='lat' dir='ltr'><em>ornatusest</em></span> <span class='ocrx_word' id='word_1_147' title='bbox 1145 1120 1320 1181; x_wconf 78' lang='lat' dir='ltr'><em>aJacobo</em></span> <span class='ocrx_word' id='word_1_148' title='bbox 1340 1125 1485 1187; x_wconf 82' lang='lat' dir='ltr'><em>Rege,</em></span> <span class='ocrx_word' id='word_1_149' title='bbox 1521 1140 1658 1187; x_wconf 88' lang='lat' dir='ltr'><em>quem</em></span> <span class='ocrx_word' id='word_1_150' title='bbox 1673 1138 1714 1172; x_wconf 89' lang='lat' dir='ltr'><em>et</em></span> <span class='ocrx_word' id='word_1_151' title='bbox 1728 1120 1816 1188; x_wconf 88' lang='lat' dir='ltr'><em>ipse</em></span> <span class='ocrx_word' id='word_1_152' title='bbox 1831 1126 1951 1172; x_wconf 80' lang='lat' dir='ltr'><em>varia</em></span> 
     </span>
     <span class='ocr_line' id='line_1_22' title="bbox 405 1189 1953 1258; baseline 0 -18"><span class='ocrx_word' id='word_1_153' title='bbox 405 1192 696 1253; x_wconf 87' lang='lat' dir='ltr'><em>Eruditione,</em></span> <span class='ocrx_word' id='word_1_154' title='bbox 734 1208 776 1241; x_wconf 89' lang='lat' dir='ltr'><em>et</em></span> <span class='ocrx_word' id='word_1_155' title='bbox 791 1194 1008 1256; x_wconf 87' lang='lat' dir='ltr'><em>imprimis</em></span> <span class='ocrx_word' id='word_1_156' title='bbox 1036 1210 1200 1258; x_wconf 82' lang='lat' dir='ltr'><em>magna</em></span> <span class='ocrx_word' id='word_1_157' title='bbox 1236 1194 1524 1254; x_wconf 83' lang='lat' dir='ltr'><em>Antiquitatis</em></span> <span class='ocrx_word' id='word_1_158' title='bbox 1573 1195 1747 1240; x_wconf 89' lang='lat' dir='ltr'><em>Notitia</em></span> <span class='ocrx_word' id='word_1_159' title='bbox 1783 1189 1953 1255; x_wconf 83' lang='lat' dir='ltr'><em>semper</em></span> 
     </span>
     <span class='ocr_line' id='line_1_23' title="bbox 405 1260 1954 1325; baseline 0.001 -19"><span class='ocrx_word' id='word_1_160' title='bbox 405 1260 700 1309; x_wconf 79' lang='lat' dir='ltr'><em>condecorare</em></span> <span class='ocrx_word' id='word_1_161' title='bbox 720 1260 896 1310; x_wconf 87' lang='lat' dir='ltr'>studuit.</span> <span class='ocrx_word' id='word_1_162' title='bbox 969 1261 1211 1325; x_wconf 90' lang='lat' dir='ltr'><em>Postquam</em></span> <span class='ocrx_word' id='word_1_163' title='bbox 1226 1261 1498 1313; x_wconf 68' lang='lat' dir='ltr'><em>Tractatum</em></span> <span class='ocrx_word' id='word_1_164' title='bbox 1517 1260 1644 1311; x_wconf 89' lang='lat' dir='ltr'><em>suum</em></span> <span class='ocrx_word' id='word_1_165' title='bbox 1663 1260 1717 1309; x_wconf 91' lang='lat' dir='ltr'><em>de</em></span> <span class='ocrx_word' id='word_1_166' title='bbox 1736 1278 1827 1308; x_wconf 90' lang='lat' dir='ltr'><em>non</em></span> <span class='ocrx_word' id='word_1_167' title='bbox 1855 1262 1954 1310; x_wconf 89' lang='lat' dir='ltr'><em>Te-</em></span> 
     </span>
     <span class='ocr_line' id='line_1_24' title="bbox 406 1327 1956 1395; baseline 0.001 -20"><span class='ocrx_word' id='word_1_168' title='bbox 406 1329 626 1377; x_wconf 88' lang='lat' dir='ltr'><em>merandis</em></span> <span class='ocrx_word' id='word_1_169' title='bbox 658 1328 855 1378; x_wconf 84' lang='lat' dir='ltr'><em>Ecclefiis</em></span> <span class='ocrx_word' id='word_1_170' title='bbox 899 1328 1110 1391; x_wconf 85' lang='lat' dir='ltr'><em>edidiffet,</em></span> <span class='ocrx_word' id='word_1_171' title='bbox 1146 1333 1191 1377; x_wconf 88' lang='lat' dir='ltr'><em>in</em></span> <span class='ocrx_word' id='word_1_172' title='bbox 1222 1347 1392 1395; x_wconf 84' lang='lat' dir='ltr'><em>magno</em></span> <span class='ocrx_word' id='word_1_173' title='bbox 1422 1330 1589 1379; x_wconf 88' lang='lat' dir='ltr'><em>honore</em></span> <span class='ocrx_word' id='word_1_174' title='bbox 1622 1327 1704 1377; x_wconf 80' lang='lat' dir='ltr'><em>fuit</em></span> <span class='ocrx_word' id='word_1_175' title='bbox 1734 1327 1850 1394; x_wconf 86' lang='lat' dir='ltr'><em>apud</em></span> <span class='ocrx_word' id='word_1_176' title='bbox 1872 1332 1956 1377; x_wconf 79' lang='lat' dir='ltr'><em>Ec-</em></span> 
     </span>
     <span class='ocr_line' id='line_1_25' title="bbox 407 1395 1956 1467; baseline 0.001 -25"><span class='ocrx_word' id='word_1_177' title='bbox 407 1395 678 1457; x_wconf 76' lang='lat' dir='ltr'><em>clefiastic08‚</em></span> <span class='ocrx_word' id='word_1_178' title='bbox 709 1416 790 1447; x_wconf 92' lang='lat' dir='ltr'><em>nec</em></span> <span class='ocrx_word' id='word_1_179' title='bbox 820 1401 1074 1460; x_wconf 85' lang='lat' dir='ltr'><em>immerito,</em></span> <span class='ocrx_word' id='word_1_180' title='bbox 1110 1401 1279 1467; x_wconf 87' lang='lat' dir='ltr'><em>quippe</em></span> <span class='ocrx_word' id='word_1_181' title='bbox 1299 1416 1490 1461; x_wconf 88' lang='lat' dir='ltr'><em>quorum</em></span> <span class='ocrx_word' id='word_1_182' title='bbox 1521 1396 1656 1448; x_wconf 84' lang='lat' dir='ltr'><em>causae</em></span> <span class='ocrx_word' id='word_1_183' title='bbox 1668 1412 1823 1447; x_wconf 88' lang='lat' dir='ltr'><em>contra</em></span> <span class='ocrx_word' id='word_1_184' title='bbox 1849 1399 1956 1446; x_wconf 89' lang='lat' dir='ltr'><em>Lai-</em></span> 
     </span>
     <span class='ocr_line' id='line_1_26' title="bbox 405 1463 1958 1530; baseline 0.001 -20"><span class='ocrx_word' id='word_1_185' title='bbox 405 1482 508 1522; x_wconf 77' lang='lat' dir='ltr'><em>c03,</em></span> <span class='ocrx_word' id='word_1_186' title='bbox 545 1481 594 1511; x_wconf 85' lang='lat' dir='ltr'><em>ut</em></span> <span class='ocrx_word' id='word_1_187' title='bbox 614 1482 792 1527; x_wconf 87' lang='lat' dir='ltr'><em>vocant,</em></span> <span class='ocrx_word' id='word_1_188' title='bbox 826 1470 1222 1530; x_wconf 87' lang='lat' dir='ltr'><em>Impropriatores,</em></span> <span class='ocrx_word' id='word_1_189' title='bbox 1259 1469 1481 1516; x_wconf 85' lang='lat' dir='ltr'><em>maximus</em></span> <span class='ocrx_word' id='word_1_190' title='bbox 1512 1472 1725 1516; x_wconf 85' lang='lat' dir='ltr'><em>Patronus</em></span> <span class='ocrx_word' id='word_1_191' title='bbox 1760 1463 1874 1525; x_wconf 88' lang='lat' dir='ltr'><em>fuit;</em></span> <span class='ocrx_word' id='word_1_192' title='bbox 1907 1479 1958 1512; x_wconf 86' lang='lat' dir='ltr'><em>ut</em></span> 
     </span>
     <span class='ocr_line' id='line_1_27' title="bbox 404 1532 1962 1600; baseline 0.003 -22"><span class='ocrx_word' id='word_1_193' title='bbox 404 1532 523 1578; x_wconf 89' lang='lat' dir='ltr'><em>enim</em></span> <span class='ocrx_word' id='word_1_194' title='bbox 545 1548 703 1580; x_wconf 88' lang='lat' dir='ltr'><em>verum</em></span> <span class='ocrx_word' id='word_1_195' title='bbox 728 1532 1111 1591; x_wconf 79' lang='lat' dir='ltr'><em>fatear‚Religiosa</em></span> <span class='ocrx_word' id='word_1_196' title='bbox 1139 1533 1345 1592; x_wconf 68' lang='lat' dir='ltr'><em>quaedam</em></span> <span class='ocrx_word' id='word_1_197' title='bbox 1363 1539 1704 1584; x_wconf 67' lang='lat' dir='ltr'><em>HenriciOCtavi</em></span> <span class='ocrx_word' id='word_1_198' title='bbox 1727 1537 1866 1600; x_wconf 82' lang='lat' dir='ltr'><em>Regis</em></span> <span class='ocrx_word' id='word_1_199' title='bbox 1882 1537 1962 1597; x_wconf 83' lang='lat' dir='ltr'><em>Fa-¹</em></span> 
     </span>
     <span class='ocr_line' id='line_1_28' title="bbox 406 1592 1957 1666; baseline -0.001 -23"><span class='ocrx_word' id='word_1_200' title='bbox 406 1601 557 1644; x_wconf 86' lang='lat' dir='ltr'><em>cinora</em></span> <span class='ocrx_word' id='word_1_201' title='bbox 575 1609 804 1659; x_wconf 84' lang='lat' dir='ltr'><em>tantopere</em></span> <span class='ocrx_word' id='word_1_202' title='bbox 823 1612 847 1642; x_wconf 85' lang='lat' dir='ltr'><em>a</em></span> <span class='ocrx_word' id='word_1_203' title='bbox 863 1592 1127 1662; x_wconf 82' lang='lat' dir='ltr'><em>quibusdam</em></span> <span class='ocrx_word' id='word_1_204' title='bbox 1145 1597 1390 1656; x_wconf 72' lang='lat' dir='ltr'><em>decantata,</em></span> <span class='ocrx_word' id='word_1_205' title='bbox 1427 1602 1517 1657; x_wconf 75' lang='lat' dir='ltr'><em>ipse</em></span> <span class='ocrx_word' id='word_1_206' title='bbox 1535 1603 1795 1666; x_wconf 62' lang='lat' dir='ltr'><em>benigniore</em></span> <span class='ocrx_word' id='word_1_207' title='bbox 1807 1601 1957 1661; x_wconf 64' lang='lat' dir='ltr'><em>titulo³</em></span> 
     </span>
    </p>
   </div>
   <div class='ocr_carea' id='block_1_7' title="bbox 408 1660 1966 3027">
    <p class='ocr_par' dir='ltr' id='par_1_8' title="bbox 408 1660 1966 3027">
     <span class='ocr_line' id='line_1_29' title="bbox 408 1660 1958 1733; baseline 0.002 -22"><span class='ocrx_word' id='word_1_208' title='bbox 408 1679 546 1733; x_wconf 87' lang='lat' dir='ltr'><em>quam</em></span> <span class='ocrx_word' id='word_1_209' title='bbox 569 1662 790 1729; x_wconf 80' lang='lat' dir='ltr'><em>Sacrilegii</em></span> <span class='ocrx_word' id='word_1_210' title='bbox 819 1662 986 1712; x_wconf 84' lang='lat' dir='ltr'><em>donare</em></span> <span class='ocrx_word' id='word_1_211' title='bbox 1005 1664 1082 1711; x_wconf 85' lang='lat' dir='ltr'><em>vix</em></span> <span class='ocrx_word' id='word_1_212' title='bbox 1112 1660 1190 1710; x_wconf 87' lang='lat' dir='ltr'><em>fibi</em></span> <span class='ocrx_word' id='word_1_213' title='bbox 1233 1660 1491 1726; x_wconf 87' lang='lat' dir='ltr'><em>persuadere</em></span> <span class='ocrx_word' id='word_1_214' title='bbox 1533 1668 1692 1727; x_wconf 86' lang='lat' dir='ltr'><em>potuit.</em></span> <span class='ocrx_word' id='word_1_215' title='bbox 1764 1669 1958 1714; x_wconf 68' lang='lat' dir='ltr'><em>&amp;uilielmo</em></span> 
     </span>
     <span class='ocr_line' id='line_1_30' title="bbox 409 1728 1955 1799; baseline -0.001 -17"><span class='ocrx_word' id='word_1_216' title='bbox 409 1733 522 1782; x_wconf 83' lang='lat' dir='ltr'><em>Laud</em></span> <span class='ocrx_word' id='word_1_217' title='bbox 538 1729 878 1795; x_wconf 78' lang='lat' dir='ltr'><em>Archiepiscopo</em></span> <span class='ocrx_word' id='word_1_218' title='bbox 916 1732 1172 1797; x_wconf 67' lang='lat' dir='ltr'><em>cantuariensi</em></span> <span class='ocrx_word' id='word_1_219' title='bbox 1194 1728 1363 1793; x_wconf 82' lang='lat' dir='ltr'><em>semper</em></span> <span class='ocrx_word' id='word_1_220' title='bbox 1397 1729 1667 1780; x_wconf 88' lang='lat' dir='ltr'><em>charissimus</em></span> <span class='ocrx_word' id='word_1_221' title='bbox 1698 1728 1796 1792; x_wconf 85' lang='lat' dir='ltr'><em>fuit,</em></span> <span class='ocrx_word' id='word_1_222' title='bbox 1832 1737 1955 1799; x_wconf 86' lang='lat' dir='ltr'><em>cujus</em></span> 
     </span>
     <span class='ocr_line' id='line_1_31' title="bbox 411 1794 1955 1864; baseline -0.001 -16"><span class='ocrx_word' id='word_1_223' title='bbox 411 1803 629 1864; x_wconf 79' lang='lat' dir='ltr'><em>praecipue</em></span> <span class='ocrx_word' id='word_1_224' title='bbox 649 1794 801 1848; x_wconf 86' lang='lat' dir='ltr'><em>favore</em></span> <span class='ocrx_word' id='word_1_225' title='bbox 819 1803 864 1847; x_wconf 84' lang='lat' dir='ltr'><em>in</em></span> <span class='ocrx_word' id='word_1_226' title='bbox 879 1814 1043 1855; x_wconf 14' lang='lat' dir='ltr'><em>coetuum</em></span> <span class='ocrx_word' id='word_1_227' title='bbox 1065 1799 1482 1849; x_wconf 74' lang='lat' dir='ltr'><em>commissariorum</em></span> <span class='ocrx_word' id='word_1_228' title='bbox 1503 1801 1557 1848; x_wconf 90' lang='lat' dir='ltr'><em>de</em></span> <span class='ocrx_word' id='word_1_229' title='bbox 1592 1800 1721 1849; x_wconf 82' lang='lat' dir='ltr'><em>Feodis</em></span> <span class='ocrx_word' id='word_1_230' title='bbox 1738 1805 1885 1849; x_wconf 59' lang='lat' dir='ltr'><em>exubiis</em></span> <span class='ocrx_word' id='word_1_231' title='bbox 1901 1809 1955 1852; x_wconf 55' lang='grc' dir='ltr'><em>(φ</em></span> 
     </span>
     <span class='ocr_line' id='line_1_32' title="bbox 414 1866 1958 1938; baseline 0.001 -22"><span class='ocrx_word' id='word_1_232' title='bbox 414 1866 557 1937; x_wconf 78' lang='lat' dir='ltr'><em>Ufficiis</em></span> <span class='ocrx_word' id='word_1_233' title='bbox 577 1871 777 1929; x_wconf 65' lang='lat' dir='ltr'><em>innovatis,</em></span> <span class='ocrx_word' id='word_1_234' title='bbox 792 1884 1022 1933; x_wconf 89' lang='lat' dir='ltr'><em>cooptatus</em></span> <span class='ocrx_word' id='word_1_235' title='bbox 1044 1867 1121 1917; x_wconf 88' lang='lat' dir='ltr'><em>est.</em></span> <span class='ocrx_word' id='word_1_236' title='bbox 1191 1868 1569 1917; x_wconf 86' lang='lat' dir='ltr'><em>Reverendiffimo</em></span> <span class='ocrx_word' id='word_1_237' title='bbox 1587 1866 1733 1938; x_wconf 66' lang='lat' dir='ltr'><em>usserio</em></span> <span class='ocrx_word' id='word_1_238' title='bbox 1759 1868 1958 1919; x_wconf 84' lang='lat' dir='ltr'><em>Ecclefiae</em></span> 
     </span>
     <span class='ocr_line' id='line_1_33' title="bbox 417 1935 1957 2001; baseline 0.003 -18"><span class='ocrx_word' id='word_1_239' title='bbox 417 1938 635 1988; x_wconf 76' lang='lat' dir='ltr'><em>Hibernicae</em></span> <span class='ocrx_word' id='word_1_240' title='bbox 672 1939 868 1999; x_wconf 85' lang='lat' dir='ltr'><em>Primati,</em></span> <span class='ocrx_word' id='word_1_241' title='bbox 905 1956 1044 2001; x_wconf 88' lang='lat' dir='ltr'><em>quam</em></span> <span class='ocrx_word' id='word_1_242' title='bbox 1074 1935 1400 1986; x_wconf 83' lang='lat' dir='ltr'><em>familiariffime</em></span> <span class='ocrx_word' id='word_1_243' title='bbox 1437 1938 1534 1986; x_wconf 83' lang='lat' dir='ltr'><em>usus</em></span> <span class='ocrx_word' id='word_1_244' title='bbox 1552 1937 1630 1999; x_wconf 89' lang='lat' dir='ltr'><em>est,</em></span> <span class='ocrx_word' id='word_1_245' title='bbox 1666 1952 1714 1984; x_wconf 89' lang='lat' dir='ltr'><em>ut</em></span> <span class='ocrx_word' id='word_1_246' title='bbox 1747 1937 1957 1988; x_wconf 88' lang='lat' dir='ltr'><em>testantur</em></span> 
     </span>
     <span class='ocr_line' id='line_1_34' title="bbox 416 2004 1954 2073; baseline 0.001 -20"><span class='ocrx_word' id='word_1_247' title='bbox 416 2004 625 2067; x_wconf 85' lang='lat' dir='ltr'><em>Epistolae</em></span> <span class='ocrx_word' id='word_1_248' title='bbox 645 2009 738 2071; x_wconf 83' lang='lat' dir='ltr'><em>ejus</em></span> <span class='ocrx_word' id='word_1_249' title='bbox 764 2023 903 2069; x_wconf 86' lang='lat' dir='ltr'><em>nuper</em></span> <span class='ocrx_word' id='word_1_250' title='bbox 918 2006 1059 2067; x_wconf 82' lang='lat' dir='ltr'><em>editae,</em></span> <span class='ocrx_word' id='word_1_251' title='bbox 1096 2024 1181 2053; x_wconf 84' lang='lat' dir='ltr'><em>una</em></span> <span class='ocrx_word' id='word_1_252' title='bbox 1213 2023 1314 2054; x_wconf 89' lang='lat' dir='ltr'><em>cum</em></span> <span class='ocrx_word' id='word_1_253' title='bbox 1347 2007 1451 2056; x_wconf 84' lang='lat' dir='ltr'><em>Vita</em></span> <span class='ocrx_word' id='word_1_254' title='bbox 1484 2005 1676 2073; x_wconf 84' lang='lat' dir='ltr'><em>ejusdem</em></span> <span class='ocrx_word' id='word_1_255' title='bbox 1706 2005 1954 2072; x_wconf 85' lang='lat' dir='ltr'><em>Archiepis-</em></span> 
     </span>
     <span class='ocr_line' id='line_1_35' title="bbox 414 2073 1955 2138; baseline 0.003 -17"><span class='ocrx_word' id='word_1_256' title='bbox 414 2077 532 2136; x_wconf 88' lang='lat' dir='ltr'><em>copi.</em></span> <span class='ocrx_word' id='word_1_257' title='bbox 606 2073 688 2122; x_wconf 87' lang='lat' dir='ltr'><em>Sed</em></span> <span class='ocrx_word' id='word_1_258' title='bbox 708 2077 818 2122; x_wconf 87' lang='lat' dir='ltr'><em>inter</em></span> <span class='ocrx_word' id='word_1_259' title='bbox 836 2075 1052 2138; x_wconf 85' lang='lat' dir='ltr'><em>plurimos</em></span> <span class='ocrx_word' id='word_1_260' title='bbox 1068 2074 1287 2135; x_wconf 87' lang='lat' dir='ltr'><em>Eruditos,</em></span> <span class='ocrx_word' id='word_1_261' title='bbox 1325 2074 1487 2138; x_wconf 87' lang='lat' dir='ltr'><em>quibus</em></span> <span class='ocrx_word' id='word_1_262' title='bbox 1506 2074 1602 2124; x_wconf 89' lang='lat' dir='ltr'><em>usus</em></span> <span class='ocrx_word' id='word_1_263' title='bbox 1616 2077 1831 2126; x_wconf 80' lang='lat' dir='ltr'><em>Amicitiae</em></span> <span class='ocrx_word' id='word_1_264' title='bbox 1850 2093 1955 2125; x_wconf 89' lang='lat' dir='ltr'><em>cum</em></span> 
     </span>
     <span class='ocr_line' id='line_1_36' title="bbox 415 2140 1956 2211; baseline 0.003 -23"><span class='ocrx_word' id='word_1_265' title='bbox 415 2140 496 2189; x_wconf 85' lang='lat' dir='ltr'><em>illo</em></span> <span class='ocrx_word' id='word_1_266' title='bbox 526 2144 678 2190; x_wconf 88' lang='lat' dir='ltr'><em>intime</em></span> <span class='ocrx_word' id='word_1_267' title='bbox 711 2142 998 2192; x_wconf 83' lang='lat' dir='ltr'><em>intercefferat</em></span> <span class='ocrx_word' id='word_1_268' title='bbox 1018 2183 1030 2204; x_wconf 90' lang='lat'><em>,</em></span> <span class='ocrx_word' id='word_1_269' title='bbox 1080 2158 1204 2209; x_wconf 82' lang='lat' dir='ltr'><em>grata</em></span> <span class='ocrx_word' id='word_1_270' title='bbox 1236 2143 1537 2193; x_wconf 81' lang='lat' dir='ltr'><em>recordatione</em></span> <span class='ocrx_word' id='word_1_271' title='bbox 1588 2147 1824 2192; x_wconf 83' lang='lat' dir='ltr'><em>Memoriae</em></span> <span class='ocrx_word' id='word_1_272' title='bbox 1864 2148 1956 2211; x_wconf 82' lang='lat' dir='ltr'><em>ejus</em></span> 
     </span>
     <span class='ocr_line' id='line_1_37' title="bbox 418 2211 1956 2279; baseline 0.003 -22"><span class='ocrx_word' id='word_1_273' title='bbox 418 2213 585 2258; x_wconf 90' lang='lat' dir='ltr'><em>nemini</em></span> <span class='ocrx_word' id='word_1_274' title='bbox 619 2211 734 2259; x_wconf 89' lang='lat' dir='ltr'><em>cedit</em></span> <span class='ocrx_word' id='word_1_275' title='bbox 771 2215 999 2261; x_wconf 89' lang='lat' dir='ltr'><em>Dominus</em></span> <span class='ocrx_word' id='word_1_276' title='bbox 1029 2214 1206 2279; x_wconf 82' lang='lat' dir='ltr'><em>Watfius,</em></span> <span class='ocrx_word' id='word_1_277' title='bbox 1241 2214 1381 2260; x_wconf 83' lang='lat' dir='ltr'><em>Sacrae</em></span> <span class='ocrx_word' id='word_1_278' title='bbox 1397 2211 1660 2278; x_wconf 85' lang='lat' dir='ltr'><em>Theologiae</em></span> <span class='ocrx_word' id='word_1_279' title='bbox 1681 2216 1870 2275; x_wconf 63' lang='lat' dir='ltr'><em>DoCtor,</em></span> <span class='ocrx_word' id='word_1_280' title='bbox 1907 2219 1956 2261; x_wconf 89' lang='lat'>&amp;</span> 
     </span>
     <span class='ocr_line' id='line_1_38' title="bbox 418 2280 1960 2345; baseline -0.001 -16"><span class='ocrx_word' id='word_1_281' title='bbox 418 2281 592 2329; x_wconf 62' lang='lat' dir='ltr'><em>Mattlnei</em></span> <span class='ocrx_word' id='word_1_282' title='bbox 625 2280 853 2345; x_wconf 50' lang='lat' dir='ltr'><em>&amp;aristensis</em></span> <span class='ocrx_word' id='word_1_283' title='bbox 881 2281 1037 2330; x_wconf 84' lang='lat' dir='ltr'><em>Editor</em></span> <span class='ocrx_word' id='word_1_284' title='bbox 1072 2280 1374 2342; x_wconf 70' lang='lat' dir='ltr'><em>dostfflimus,</em></span> <span class='ocrx_word' id='word_1_285' title='bbox 1407 2283 1450 2328; x_wconf 88' lang='lat' dir='ltr'><em>in</em></span> <span class='ocrx_word' id='word_1_286' title='bbox 1488 2280 1578 2329; x_wconf 82' lang='lat' dir='ltr'><em>haec</em></span> <span class='ocrx_word' id='word_1_287' title='bbox 1599 2280 1750 2342; x_wconf 80' lang='lat' dir='ltr'><em>verba,</em></span> <span class='ocrx_word' id='word_1_288' title='bbox 1788 2282 1960 2330; x_wconf 88' lang='lat' dir='ltr'><em>Tertium</em></span> 
     </span>
     <span class='ocr_line' id='line_1_39' title="bbox 419 2348 1961 2416; baseline 0.003 -25"><span class='ocrx_word' id='word_1_289' title='bbox 419 2348 548 2392; x_wconf 75' lang='lat' dir='ltr'><em>MS.</em></span> <span class='ocrx_word' id='word_1_290' title='bbox 595 2350 881 2397; x_wconf 60' lang='lat' dir='ltr'><em>accommodavit</em></span> <span class='ocrx_word' id='word_1_291' title='bbox 934 2350 1089 2399; x_wconf 79' lang='lat' dir='ltr'><em>Nobilis</em></span> <span class='ocrx_word' id='word_1_292' title='bbox 1119 2351 1180 2397; x_wconf 86' lang='lat' dir='ltr'><em>ille</em></span> <span class='ocrx_word' id='word_1_293' title='bbox 1213 2349 1506 2416; x_wconf 68' lang='lat' dir='ltr'><em>dofiissimusque</em></span> <span class='ocrx_word' id='word_1_294' title='bbox 1534 2353 1713 2398; x_wconf 76' lang='lat' dir='ltr'><em>Dominus</em></span> <span class='ocrx_word' id='word_1_295' title='bbox 1745 2351 1961 2396; x_wconf 88' lang='lat' dir='ltr'><em>Henricus</em></span> 
     </span>
     <span class='ocr_line' id='line_1_40' title="bbox 417 2413 1960 2482; baseline 0.001 -20"><span class='ocrx_word' id='word_1_296' title='bbox 417 2413 711 2477; x_wconf 87' lang='lat' dir='ltr'><em>Spelmannus</em></span> <span class='ocrx_word' id='word_1_297' title='bbox 744 2421 868 2482; x_wconf 80' lang='lat' dir='ltr'><em>Eques</em></span> <span class='ocrx_word' id='word_1_298' title='bbox 903 2426 1088 2477; x_wconf 80' lang='lat' dir='ltr'><em>Auratus,</em></span> <span class='ocrx_word' id='word_1_299' title='bbox 1123 2418 1350 2466; x_wconf 88' lang='lat' dir='ltr'><em>Eruditionis</em></span> <span class='ocrx_word' id='word_1_300' title='bbox 1370 2417 1637 2477; x_wconf 83' lang='lat' dir='ltr'><em>reconditioris,</em></span> <span class='ocrx_word' id='word_1_301' title='bbox 1669 2415 1960 2480; x_wconf 77' lang='lat' dir='ltr'><em>Judiciiacerri-</em></span> 
     </span>
     <span class='ocr_line' id='line_1_41' title="bbox 415 2483 1957 2552; baseline 0.001 -24"><span class='ocrx_word' id='word_1_302' title='bbox 415 2487 466 2529; x_wconf 88' lang='lat' dir='ltr'><em>mi</em></span> <span class='ocrx_word' id='word_1_303' title='bbox 496 2486 576 2543; x_wconf 84' lang='lat' dir='ltr'><em>Vir,</em></span> <span class='ocrx_word' id='word_1_304' title='bbox 613 2486 741 2547; x_wconf 75' lang='lat' dir='ltr'><em>noftrae</em></span> <span class='ocrx_word' id='word_1_305' title='bbox 774 2488 1006 2535; x_wconf 77' lang='lat' dir='ltr'><em>Britanniae</em></span> <span class='ocrx_word' id='word_1_306' title='bbox 1040 2490 1186 2534; x_wconf 76' lang='lat' dir='ltr'><em>Lumen</em></span> <span class='ocrx_word' id='word_1_307' title='bbox 1220 2488 1420 2552; x_wconf 72' lang='lat' dir='ltr'><em>Gloriaque</em></span> <span class='ocrx_word' id='word_1_308' title='bbox 1437 2513 1450 2545; x_wconf 80' lang='lat'>3</span> <span class='ocrx_word' id='word_1_309' title='bbox 1500 2488 1646 2534; x_wconf 84' lang='lat' dir='ltr'><em>Amicus</em></span> <span class='ocrx_word' id='word_1_310' title='bbox 1673 2483 1815 2549; x_wconf 78' lang='lat' dir='ltr'><em>insuper</em></span> <span class='ocrx_word' id='word_1_311' title='bbox 1861 2503 1957 2532; x_wconf 86' lang='lat' dir='ltr'><em>meus</em></span> 
     </span>
     <span class='ocr_line' id='line_1_42' title="bbox 411 2551 1961 2622; baseline 0.002 -25"><span class='ocrx_word' id='word_1_312' title='bbox 411 2551 633 2618; x_wconf 73' lang='lat' dir='ltr'><em>singularis,</em></span> <span class='ocrx_word' id='word_1_313' title='bbox 668 2555 706 2599; x_wconf 86' lang='lat' dir='ltr'><em>in</em></span> <span class='ocrx_word' id='word_1_314' title='bbox 720 2554 865 2602; x_wconf 86' lang='lat' dir='ltr'><em>Studiis</em></span> <span class='ocrx_word' id='word_1_315' title='bbox 883 2555 1030 2622; x_wconf 86' lang='lat' dir='ltr'><em>adjutor</em></span> <span class='ocrx_word' id='word_1_316' title='bbox 1042 2557 1269 2618; x_wconf 55' lang='lat' dir='ltr'><em>praecipuus,</em></span> <span class='ocrx_word' id='word_1_317' title='bbox 1304 2568 1357 2604; x_wconf 65' lang='grc' dir='ltr'><em>(φ</em></span> <span class='ocrx_word' id='word_1_318' title='bbox 1374 2558 1435 2620; x_wconf 85' lang='lat' dir='ltr'><em>qui</em></span> <span class='ocrx_word' id='word_1_319' title='bbox 1456 2572 1510 2601; x_wconf 92' lang='lat' dir='ltr'><em>me</em></span> <span class='ocrx_word' id='word_1_320' title='bbox 1525 2558 1662 2617; x_wconf 82' lang='lat' dir='ltr'><em>primus</em></span> <span class='ocrx_word' id='word_1_321' title='bbox 1678 2553 1727 2600; x_wconf 86' lang='lat' dir='ltr'><em>ad</em></span> <span class='ocrx_word' id='word_1_322' title='bbox 1747 2555 1961 2619; x_wconf 83' lang='lat' dir='ltr'><em>Antiquita-</em></span> 
     </span>
     <span class='ocr_line' id='line_1_43' title="bbox 417 2622 1956 2689; baseline 0.001 -23"><span class='ocrx_word' id='word_1_323' title='bbox 417 2634 471 2667; x_wconf 80' lang='lat' dir='ltr'><em>tes</em></span> <span class='ocrx_word' id='word_1_324' title='bbox 495 2626 670 2668; x_wconf 85' lang='lat' dir='ltr'><em>eruendas</em></span> <span class='ocrx_word' id='word_1_325' title='bbox 705 2634 783 2668; x_wconf 78' lang='lat' dir='ltr'><em>tam</em></span> <span class='ocrx_word' id='word_1_326' title='bbox 797 2623 908 2670; x_wconf 68' lang='lat' dir='ltr'><em>verbo</em></span> <span class='ocrx_word' id='word_1_327' title='bbox 941 2640 1050 2686; x_wconf 87' lang='lat' dir='ltr'><em>quam</em></span> <span class='ocrx_word' id='word_1_328' title='bbox 1083 2624 1244 2688; x_wconf 85' lang='lat' dir='ltr'><em>exemplo</em></span> <span class='ocrx_word' id='word_1_329' title='bbox 1283 2625 1469 2689; x_wconf 82' lang='lat' dir='ltr'><em>aliquoties</em></span> <span class='ocrx_word' id='word_1_330' title='bbox 1475 2623 1690 2689; x_wconf 59' lang='lat' dir='ltr'><em>stimulavit</em></span> <span class='ocrx_word' id='word_1_331' title='bbox 1708 2622 1956 2686; x_wconf 70' lang='lat' dir='ltr'><em>erudivitque.</em></span> 
     </span>
     <span class='ocr_line' id='line_1_44' title="bbox 419 2689 1961 2755; baseline 0.001 -20"><span class='ocrx_word' id='word_1_332' title='bbox 419 2692 629 2739; x_wconf 87' lang='lat' dir='ltr'><em>Sermone</em></span> <span class='ocrx_word' id='word_1_333' title='bbox 661 2692 878 2740; x_wconf 85' lang='lat' dir='ltr'><em>Saxonico</em></span> <span class='ocrx_word' id='word_1_334' title='bbox 898 2690 1009 2738; x_wconf 88' lang='lat' dir='ltr'><em>nihil</em></span> <span class='ocrx_word' id='word_1_335' title='bbox 1028 2694 1068 2739; x_wconf 89' lang='lat' dir='ltr'><em>ei</em></span> <span class='ocrx_word' id='word_1_336' title='bbox 1102 2689 1183 2739; x_wconf 88' lang='lat' dir='ltr'><em>fuit</em></span> <span class='ocrx_word' id='word_1_337' title='bbox 1214 2693 1463 2755; x_wconf 87' lang='lat' dir='ltr'><em>antiquius,</em></span> <span class='ocrx_word' id='word_1_338' title='bbox 1497 2694 1665 2755; x_wconf 87' lang='lat' dir='ltr'><em>quippe</em></span> <span class='ocrx_word' id='word_1_339' title='bbox 1684 2692 1763 2753; x_wconf 90' lang='lat' dir='ltr'><em>qui</em></span> <span class='ocrx_word' id='word_1_340' title='bbox 1791 2693 1961 2753; x_wconf 84' lang='lat' dir='ltr'><em>optime</em></span> 
     </span>
     <span class='ocr_line' id='line_1_45' title="bbox 417 2756 1964 2826; baseline 0.003 -24"><span class='ocrx_word' id='word_1_341' title='bbox 417 2773 601 2804; x_wconf 84' lang='lat' dir='ltr'><em>noverat</em></span> <span class='ocrx_word' id='word_1_342' title='bbox 631 2761 893 2807; x_wconf 81' lang='lat' dir='ltr'><em>Saxonicam</em></span> <span class='ocrx_word' id='word_1_343' title='bbox 927 2762 1155 2825; x_wconf 81' lang='lat' dir='ltr'><em>Linguam</em></span> <span class='ocrx_word' id='word_1_344' title='bbox 1193 2778 1343 2810; x_wconf 87' lang='lat' dir='ltr'><em>veram</em></span> <span class='ocrx_word' id='word_1_345' title='bbox 1378 2765 1426 2808; x_wconf 90' lang='lat'>&amp;</span> <span class='ocrx_word' id='word_1_346' title='bbox 1460 2763 1701 2826; x_wconf 83' lang='lat' dir='ltr'><em>genuinam</em></span> <span class='ocrx_word' id='word_1_347' title='bbox 1746 2756 1829 2806; x_wconf 85' lang='lat' dir='ltr'><em>effe</em></span> <span class='ocrx_word' id='word_1_348' title='bbox 1855 2760 1964 2806; x_wconf 88' lang='lat' dir='ltr'><em>Lin-</em></span> 
     </span>
     <span class='ocr_line' id='line_1_46' title="bbox 420 2825 1965 2892; baseline 0.001 -21"><span class='ocrx_word' id='word_1_349' title='bbox 420 2840 554 2886; x_wconf 78' lang='lat' dir='ltr'><em>guam</em></span> <span class='ocrx_word' id='word_1_350' title='bbox 573 2828 829 2890; x_wconf 78' lang='lat' dir='ltr'><em>Anglicanam,</em></span> <span class='ocrx_word' id='word_1_351' title='bbox 867 2827 980 2877; x_wconf 87' lang='lat' dir='ltr'><em>adeo</em></span> <span class='ocrx_word' id='word_1_352' title='bbox 999 2845 1049 2877; x_wconf 85' lang='lat' dir='ltr'><em>ut</em></span> <span class='ocrx_word' id='word_1_353' title='bbox 1081 2843 1299 2892; x_wconf 82' lang='lat' dir='ltr'><em>quantum</em></span> <span class='ocrx_word' id='word_1_354' title='bbox 1320 2848 1346 2878; x_wconf 82' lang='lat' dir='ltr'><em>a</em></span> <span class='ocrx_word' id='word_1_355' title='bbox 1370 2830 1585 2876; x_wconf 85' lang='lat' dir='ltr'><em>Saxonico</em></span> <span class='ocrx_word' id='word_1_356' title='bbox 1618 2843 1765 2876; x_wconf 88' lang='lat' dir='ltr'><em>vetere</em></span> <span class='ocrx_word' id='word_1_357' title='bbox 1785 2825 1965 2890; x_wconf 79' lang='lat' dir='ltr'><em>praesens</em></span> 
     </span>
     <span class='ocr_line' id='line_1_47' title="bbox 421 2891 1966 2961; baseline -0.002 -19"><span class='ocrx_word' id='word_1_358' title='bbox 421 2891 628 2953; x_wconf 74' lang='lat' dir='ltr'><em>Anglicana</em></span> <span class='ocrx_word' id='word_1_359' title='bbox 664 2893 904 2955; x_wconf 82' lang='lat' dir='ltr'><em>recefferit3</em></span> <span class='ocrx_word' id='word_1_360' title='bbox 939 2911 1112 2945; x_wconf 85' lang='lat' dir='ltr'><em>tantum</em></span> <span class='ocrx_word' id='word_1_361' title='bbox 1140 2916 1166 2946; x_wconf 90' lang='lat' dir='ltr'><em>a</em></span> <span class='ocrx_word' id='word_1_362' title='bbox 1196 2900 1346 2945; x_wconf 88' lang='lat' dir='ltr'><em>nativa</em></span> <span class='ocrx_word' id='word_1_363' title='bbox 1377 2899 1565 2961; x_wconf 85' lang='lat' dir='ltr'><em>puritate</em></span> <span class='ocrx_word' id='word_1_364' title='bbox 1599 2897 1966 2961; x_wconf 82' lang='lat' dir='ltr'><em>degeneraverit3</em></span> 
     </span>
     <span class='ocr_line' id='line_1_48' title="bbox 423 2955 1965 3027; baseline -0.003 -13"><span class='ocrx_word' id='word_1_365' title='bbox 423 2963 471 3004; x_wconf 86' lang='lat'>&amp;</span> <span class='ocrx_word' id='word_1_366' title='bbox 504 2955 535 3003; x_wconf 84' lang='lat' dir='ltr'><em>sl</em></span> <span class='ocrx_word' id='word_1_367' title='bbox 569 2960 666 3019; x_wconf 70' lang='lat' dir='ltr'><em>qUiS</em></span> <span class='ocrx_word' id='word_1_368' title='bbox 699 2963 833 3006; x_wconf 69' lang='lat' dir='ltr'><em>venet</em></span> <span class='ocrx_word' id='word_1_369' title='bbox 882 2964 1138 3015; x_wconf 88' lang='lat' dir='ltr'><em>Verborum</em></span> <span class='ocrx_word' id='word_1_370' title='bbox 1170 2971 1218 3014; x_wconf 65' lang='grc' dir='ltr'><em>ὃς</em></span> <span class='ocrx_word' id='word_1_371' title='bbox 1250 2967 1557 3014; x_wconf 89' lang='lat' dir='ltr'><em>Locutionum</em></span> <span class='ocrx_word' id='word_1_372' title='bbox 1579 3001 1593 3025; x_wconf 92' lang='lat'><em>,</em></span> <span class='ocrx_word' id='word_1_373' title='bbox 1630 2981 1738 3027; x_wconf 89' lang='lat' dir='ltr'><em>quas</em></span> <span class='ocrx_word' id='word_1_374' title='bbox 1765 2959 1965 3021; x_wconf 79' lang='lat' dir='ltr'><em>quotidie</em></span> 
     </span>
    </p>
   </div>
   <div class='ocr_carea' id='block_1_8' title="bbox 423 3021 1966 3159">
    <p class='ocr_par' dir='ltr' id='par_1_9' title="bbox 423 3021 1966 3159">
     <span class='ocr_line' id='line_1_49' title="bbox 423 3021 1966 3097; baseline 0.003 -27"><span class='ocrx_word' id='word_1_375' title='bbox 423 3021 694 3088; x_wconf 82' lang='lat' dir='ltr'><em>usurpamus,</em></span> <span class='ocrx_word' id='word_1_376' title='bbox 733 3028 946 3075; x_wconf 82' lang='lat' dir='ltr'><em>Rationes</em></span> <span class='ocrx_word' id='word_1_377' title='bbox 980 3037 1337 3097; x_wconf 87' lang='lat' dir='ltr'><em>&amp;Proprietates</em></span> <span class='ocrx_word' id='word_1_378' title='bbox 1366 3033 1625 3093; x_wconf 83' lang='lat' dir='ltr'><em>intelligere,</em></span> <span class='ocrx_word' id='word_1_379' title='bbox 1662 3028 1717 3074; x_wconf 91' lang='lat' dir='ltr'><em>ad</em></span> <span class='ocrx_word' id='word_1_380' title='bbox 1734 3029 1966 3074; x_wconf 86' lang='lat' dir='ltr'><em>Saxonicas</em></span> 
     </span>
     <span class='ocr_line' id='line_1_50' title="bbox 424 3091 1966 3159; baseline 0.002 -19"><span class='ocrx_word' id='word_1_381' title='bbox 424 3095 632 3158; x_wconf 79' lang='lat' dir='ltr'><em>Origines</em></span> <span class='ocrx_word' id='word_1_382' title='bbox 666 3091 902 3141; x_wconf 75' lang='lat' dir='ltr'><em>necessario</em></span> <span class='ocrx_word' id='word_1_383' title='bbox 937 3101 1248 3146; x_wconf 83' lang='lat' dir='ltr'><em>recurrendum</em></span> <span class='ocrx_word' id='word_1_384' title='bbox 1298 3100 1413 3149; x_wconf 84' lang='lat' dir='ltr'><em>effet.</em></span> <span class='ocrx_word' id='word_1_385' title='bbox 1483 3100 1555 3145; x_wconf 89' lang='lat' dir='ltr'><em>De</em></span> <span class='ocrx_word' id='word_1_386' title='bbox 1584 3096 1713 3159; x_wconf 89' lang='lat' dir='ltr'><em>hujus</em></span> <span class='ocrx_word' id='word_1_387' title='bbox 1749 3098 1966 3143; x_wconf 78' lang='lat' dir='ltr'><em>Sermonis</em></span> 
     </span>
    </p>
   </div>
   <div class='ocr_carea' id='block_1_9' title="bbox 425 3160 1968 3417">
    <p class='ocr_par' dir='ltr' id='par_1_10' title="bbox 425 3160 1968 3367">
     <span class='ocr_line' id='line_1_51' title="bbox 425 3160 1968 3227; baseline 0.002 -20"><span class='ocrx_word' id='word_1_388' title='bbox 425 3162 630 3225; x_wconf 60' lang='lat' dir='ltr'><em>neglectu</em></span> <span class='ocrx_word' id='word_1_389' title='bbox 646 3167 692 3209; x_wconf 66' lang='grc' dir='ltr'><em>ὃς</em></span> <span class='ocrx_word' id='word_1_390' title='bbox 714 3160 996 3210; x_wconf 69' lang='lat' dir='ltr'><em>desuetudine</em></span> <span class='ocrx_word' id='word_1_391' title='bbox 1025 3162 1115 3226; x_wconf 88' lang='lat' dir='ltr'><em>ipse</em></span> <span class='ocrx_word' id='word_1_392' title='bbox 1142 3164 1335 3227; x_wconf 73' lang='lat' dir='ltr'><em>sequenti</em></span> <span class='ocrx_word' id='word_1_393' title='bbox 1360 3164 1499 3214; x_wconf 89' lang='lat' dir='ltr'><em>modo</em></span> <span class='ocrx_word' id='word_1_394' title='bbox 1517 3164 1830 3226; x_wconf 69' lang='lat' dir='ltr'><em>conqueritur:</em></span> <span class='ocrx_word' id='word_1_395' title='bbox 1867 3164 1968 3225; x_wconf 67' lang='lat' dir='ltr'><em>(Rem</em></span> 
     </span>
     <span class='ocr_line' id='line_1_52' title="bbox 425 3228 1966 3299; baseline 0.002 -23"><span class='ocrx_word' id='word_1_396' title='bbox 425 3233 519 3276; x_wconf 82' lang='lat' dir='ltr'><em>enim</em></span> <span class='ocrx_word' id='word_1_397' title='bbox 558 3232 717 3292; x_wconf 79' lang='lat' dir='ltr'><em>inprimis</em></span> <span class='ocrx_word' id='word_1_398' title='bbox 751 3230 938 3295; x_wconf 79' lang='lat' dir='ltr'><em>lugubrem</em></span> <span class='ocrx_word' id='word_1_399' title='bbox 973 3231 1062 3279; x_wconf 87' lang='lat' dir='ltr'><em>duco</em></span> <span class='ocrx_word' id='word_1_400' title='bbox 1086 3234 1216 3280; x_wconf 78' lang='lat' dir='ltr'><em>Geniis</em></span> <span class='ocrx_word' id='word_1_401' title='bbox 1247 3235 1378 3299; x_wconf 73' lang='lat' dir='ltr'><em>nostrae</em></span> <span class='ocrx_word' id='word_1_402' title='bbox 1409 3238 1444 3280; x_wconf 86' lang='lat' dir='ltr'><em>in</em></span> <span class='ocrx_word' id='word_1_403' title='bbox 1478 3228 1648 3297; x_wconf 69' lang='lat' dir='ltr'><em>probrum</em></span> <span class='ocrx_word' id='word_1_404' title='bbox 1687 3249 1756 3278; x_wconf 85' lang='lat' dir='ltr'><em>non</em></span> <span class='ocrx_word' id='word_1_405' title='bbox 1775 3231 1966 3292; x_wconf 81' lang='lat' dir='ltr'><em>mediocre,</em></span> 
     </span>
     <span class='ocr_line' id='line_1_53' title="bbox 426 3299 1964 3367; baseline 0.003 -25"><span class='ocrx_word' id='word_1_406' title='bbox 426 3310 479 3343; x_wconf 79' lang='lat' dir='ltr'><em>tot</em></span> <span class='ocrx_word' id='word_1_407' title='bbox 504 3299 652 3363; x_wconf 75' lang='lat' dir='ltr'><em>exstare</em></span> <span class='ocrx_word' id='word_1_408' title='bbox 669 3299 773 3361; x_wconf 83' lang='lat' dir='ltr'><em>apud</em></span> <span class='ocrx_word' id='word_1_409' title='bbox 787 3317 846 3346; x_wconf 83' lang='lat' dir='ltr'><em>nos</em></span> <span class='ocrx_word' id='word_1_410' title='bbox 870 3303 907 3347; x_wconf 90' lang='lat' dir='ltr'><em>in</em></span> <span class='ocrx_word' id='word_1_411' title='bbox 940 3299 1175 3348; x_wconf 61' lang='lat' dir='ltr'><em>OEibliottvecis</em></span> <span class='ocrx_word' id='word_1_412' title='bbox 1195 3303 1435 3363; x_wconf 85' lang='lat' dir='ltr'><em>Academicis,</em></span> <span class='ocrx_word' id='word_1_413' title='bbox 1464 3300 1610 3367; x_wconf 64' lang='lat' dir='ltr'><em>aliifilue</em></span> <span class='ocrx_word' id='word_1_414' title='bbox 1631 3302 1763 3348; x_wconf 62' lang='lat' dir='ltr'><em>veteris</em></span> <span class='ocrx_word' id='word_1_415' title='bbox 1787 3302 1964 3347; x_wconf 75' lang='lat' dir='ltr'><em>saxonici·</em></span> 
     </span>
    </p>

    <p class='ocr_par' dir='ltr' id='par_1_11' title="bbox 1779 3367 1966 3417">
     <span class='ocr_line' id='line_1_54' title="bbox 1779 3367 1966 3417; baseline -0.011 0"><span class='ocrx_word' id='word_1_416' title='bbox 1779 3367 1966 3417; x_wconf 82' lang='lat' dir='ltr'><em>Idiomatis</em></span> 
     </span>
    </p>
   </div>
  </div>
 </body>
</html>
