2305 3809
101 979 169 1012 Tria
186 979 255 1010 olim

96 1022 277 1059 purgationum

97 1066 210 1098 genera.

98 1136 235 1165 canonica.

98 1175 230 1204 Duellica.

97 1214 229 1251 Vulgaris,
239 1214 275 1243 al.

97 1256 143 1283 lex
159 1260 279 1290 apparens
289 1254 314 1282 ἁ

95 1292 116 1322 l.
125 1292 254 1329 parionis.

97 1718 214 1758 Qando
236 1720 262 1747 ει
279 1717 296 1748 a

97 1759 196 1795 quibus
221 1757 313 1795 prohi-

99 1797 209 1826 bentur.

6 1821 9 1844 ι

7 1906 10 1935 l

0 1995 12 2029 ,ξ
99 1991 151 2021 Illa
163 1993 241 2032 Aqua
255 1989 314 2030 fri-

0 2030 13 2088 »ὶ
93 2031 168 2069 gidae.

100 2166 207 2197 crucis.

14 2262 16 2289 l
101 2259 180 2290 Ferri
192 2257 221 2289 ὃ·
239 2260 317 2299 Aquae

95 2295 241 2338 ferventis.

119 3420 223 3453 Duelli.

678 307 1461 387 GLOSSARIUM.

326 460 453 483 narratur
464 450 574 492 tenmffi
590 448 723 488 carbones,
746 450 825 486 donec
845 453 962 483 Domino
990 449 1076 489 coifi·-

326 512 404 532 crans
414 499 583 538 oblationem,
604 501 690 529 totius
707 506 759 540 per
768 496 939 542 semetiPJum
964 500 1074 542 comple-

327 560 370 581 ret
378 544 470 593 Miffae
489 546 679 580 celebritatem.
726 544 832 579 Briccii
849 544 996 579 miraculo
1012 558 1074 579 non

330 594 522 630 crediderunt
536 593 627 634 cives,
660 591 789 640 ideoque
806 594 876 627 artis
889 594 1018 639 magicae
1030 593 1076 627 in-

329 643 504 679 simulatum
518 640 649 689 ejiciunt,
655 640 704 676 sed
717 640 842 689 cognita
858 641 997 687 deinceps
1006 653 1076 675 cau-

328 690 371 734 εὲι,
393 689 412 726 ὲ
428 692 575 725 Romano
592 689 740 725 Pontifice
763 690 913 725 restitutus
926 688 977 723 est.
1014 691 1077 722 Re-

329 738 390 775 fert
404 738 485 773 Beda
497 738 588 774 aliam
606 739 786 786 virginitatis
802 735 1076 773 manifestationem

328 790 360 822 in
375 787 585 835 Martyrolog.
611 789 652 822 D.
681 782 749 822 Cal.
775 787 862 821 Febr.
886 789 968 831 Apud
990 791 1077 820 Scotos

328 833 479 883 (inquit)
501 851 562 871 cum
577 842 604 871 s.
625 838 742 881 nagida
758 842 834 881 virgo
954 838 1076 880 ⁸agmen.

327 888 425 919 altaris
442 891 473 919 in
488 889 668 929 testimoninm
684 890 856 929 virginitatis
872 884 1012 928 tetigiffit,
1033 889 1077 916 vi-

328 937 388 968 ride
394 937 504 974 fabium
519 937 564 976 est.

376 983 479 1017 Priscis
488 991 591 1019 autem
608 978 726 1025 legibus
750 981 808 1014 tria
829 978 1014 1026 potiffimum
1030 993 1077 1015 re-

327 1040 415 1077 cepta
437 1030 503 1064 sunt
520 1028 696 1064 examinum
709 1041 830 1075 genera.
878 1031 1077 1074 Jurifyurandr'‚

327 1081 426 1119 Due-ffi,
449 1081 559 1112 ordalii
569 1091 579 1121 ·,
601 1083 696 1113 Crucis
714 1078 796 1112 enim
815 1078 910 1112 rarior
928 1079 993 1112 usus
1010 1075 1076 1112 fuit.

326 1127 477 1169 Primum,
493 1132 684 1173 purgationem
699 1134 854 1162 canonicam
871 1126 1076 1174 appellabant:

326 1175 503 1217 secundum,
523 1179 608 1221 legem
619 1179 793 1210 duellionum:
816 1177 950 1217 tertium,
976 1187 1077 1221 purga—

328 1230 428 1258 tionem
444 1227 601 1271 vulgaerem‚
636 1224 707 1260 alias
733 1228 820 1271 legem
836 1236 1021 1271 apparentem,
1044 1227 1076 1257 &

328 1276 413 1319 legem
419 1275 580 1320 pmbilem,
601 1287 671 1320 quae
687 1272 759 1307 vide
770 1274 826 1307 fisis
841 1273 920 1307 locis.
966 1274 1078 1306 Secun-

328 1321 404 1357 dum
422 1325 454 1356 ὃ(
468 1323 592 1356 tertium
610 1322 662 1356 ffib
674 1325 794 1367 vulgaris
802 1327 972 1367 purgationis
987 1319 1077 1354 titulo

326 1382 546 1417 nonnunquam
554 1369 695 1404 videntur
703 1369 824 1411 censeri,
832 1370 1002 1417 pariterque
1012 1381 1078 1403 ma-

326 1418 354 1452 le
371 1419 475 1453 audire
493 1421 525 1452 &
543 1417 689 1453 damnari.
708 1418 765 1452 Sic.
781 1419 819 1452 C.
843 1431 874 1454 2.
892 1431 921 1465 q.
943 1431 973 1464 ς.
991 1430 1034 1452 ca.
1046 1430 1077 1463 7.

326 1465 407 1501 unde
420 1467 506 1502 Glos
513 1466 553 1503 ad
567 1467 661 1514 ipsam
673 1480 703 1515 q.
716 1470 837 1513 vulgaris
853 1472 1012 1513 expurgatio
1017 1479 1078 1513 pro-

327 1516 435 1549 hibetur
446 1516 516 1561 quiid
521 1516 679 1556 fabricante
696 1516 798 1549 diabolo
811 1519 850 1559 est
876 1520 991 1549 inventa

329 1563 364 1599 &
380 1567 422 1605 fit
454 1575 546 1598 eontra
566 1576 728 1610 preceptum
752 1570 866 1599 Domini
882 1578 890 1598 t
928 1570 988 1598 Non
1020 1576 1079 1597 ten-

330 1613 403 1645 tabis
416 1618 564 1647 Dominum
581 1620 672 1647 Deum
688 1625 775 1647 tuum.
792 1614 872 1648 Haec
888 1616 920 1647 &
938 1612 1080 1647 dehuel-

329 1663 354 1693 lo
366 1661 486 1696 Concil.
496 1661 640 1696 Trident.
658 1661 716 1696 Ses.
739 1675 750 1696 1
762 1673 792 1708 5.
809 1674 853 1696 ca.
867 1674 925 1696 20.

378 1709 525 1744 Tandem
551 1711 645 1758 igitur
677 1711 875 1757 prohibentur
906 1714 1081 1756 Purgationes

329 1761 462 1804 vulgares,
485 1759 536 1794 seu
564 1772 627 1792 non
647 1766 808 1794 canonica:
832 1762 864 1793 ὃ(
885 1758 934 1793 illa
947 1757 1081 1804 primum

330 1814 415 1852 Aquae
423 1810 545 1853 frigidae.
593 1807 769 1842 Ludovicus
778 1809 854 1854 Imp.
871 1805 884 1851 (
893 1808 946 1854 qui
963 1806 1082 1842 exceffit

331 1857 390 1889 An.
410 1857 502 1890 Dom.
520 1856 592 1902 840
607 1856 620 1895 )
644 1856 675 1890 in
693 1856 796 1891 Addit.
808 1866 843 1902 4.
859 1855 899 1890 ad
916 1856 1082 1903 Capitular.

330 1917 373 1938 ca.
386 1904 416 1938 8.
439 1905 610 1939 &totidem
629 1904 768 1952 deinceps
794 1905 893 1939 verbis
919 1905 1083 1939 Lotharius

329 1953 352 1998 (
364 1951 509 1987 succeffor
520 1951 582 1999 ejus
595 1954 607 1992 j
628 1954 659 1988 in
675 1953 819 2000 Longob.
835 1954 885 1988 lib.
900 1967 931 1989 2.
942 1953 1011 1991 Tit.
1025 1965 1083 2000 55.

329 2000 348 2035 l.
368 2013 385 2047 3
395 2014 424 2035 1.
447 2007 578 2036 Examen
593 2002 611 2046 (
625 2001 790 2050 inquiunt)
806 2016 882 2048 aqua·
892 2005 1083 2048 frigide,quae

330 2051 455 2083 haetenus
464 2051 572 2092 fiebat,
593 2051 612 2083 a
628 2054 718 2094 Miffis
734 2054 829 2094 nostris
853 2052 973 2085 omnibus
997 2053 1084 2086 modis

331 2101 519 2141 interdicatur,
534 2111 567 2133 ut
584 2113 635 2132 non
652 2099 763 2133 ulterit'as
774 2102 839 2141 fiat.

382 2146 507 2182 Sustulit
518 2151 550 2182 &
567 2147 649 2182 idem
665 2148 829 2183 Lotharius
837 2154 930 2183 Crucis
937 2150 1083 2191 judicium,

333 2196 416 2244 quod
434 2196 521 2243 supra
539 2195 639 2229 videas
658 2196 689 2229 in
706 2196 763 2231 hac
794 2196 936 2231 diffione.

380 2250 470 2286 Ferri,
493 2242 553 2278 una
570 2247 602 2278 δί
629 2248 854 2290 Aquaefi’rventi's
866 2245 1020 2284 examina,
1036 2243 1082 2277 in-

333 2292 432 2327 hibuit
464 2293 632 2339 Stephanus
657 2294 717 2328 PP.
741 2294 783 2328 V.
811 2292 850 2328 ad
883 2292 1082 2326 Humbertun

331 2342 513 2387 Episcopum
540 2343 766 2387 Moguntinum
784 2341 929 2383 scribens,
955 2344 1082 2375 Annum

331 2391 409 2425 ultra
426 2391 539 2425 citrave
556 2391 638 2436 887.
657 2401 689 2425 ut
707 2392 745 2426 C.
760 2404 792 2426 2.
810 2404 838 2439 q·
851 2403 882 2436 ς.
907 2403 949 2424 ca.
964 2403 1023 2425 20.
1049 2393 1082 2424 &

332 2440 388 2473 Ivo
406 2452 434 2486 p.
449 2453 462 2475 1
472 2452 503 2474 Ο.
514 2452 542 2474 c.
555 2452 587 2485 7.
603 2447 678 2474 Nam
695 2445 771 2482 ferri
791 2442 931 2474 candentis
946 2434 1083 2486 vel'aquae

323 2492 460 2529 ferventis
477 2494 683 2523 examinatione
701 2493 877 2534 confiffionem
889 2495 1046 2534 extorqueri
1065 2490 1083 2523 εὶ

331 2539 458 2583 quolibet,
472 2538 547 2578 sacri
565 2552 616 2570 non
624 2539 725 2578 censent
742 2551 871 2572 canones:
894 2536 930 2572 &⁴
948 2540 1018 2583 quod
1015 2541 1083 2579 fim-

332 2592 433 2620 Horum
438 2598 554 2632 patrum
567 2589 719 2620 documento
740 2588 879 2628 sancitum
896 2601 947 2620 non
969 2590 1016 2631 est,
1035 2589 1084 2629 fia-

326 2638 475 2680 perstitiola
507 2638 696 2670 adinventione
723 2650 775 2668 non
809 2639 846 2679 est
868 2638 1084 2680 praefiaemendum.

332 2683 447 2717 Parum
458 2693 560 2717 autem
573 2684 643 2718 cum
654 2684 767 2719 valeret
778 2685 888 2719 Canon
906 2683 1002 2726 iste‚&
1014 2697 1086 2719 con-

334 2729 441 2767 ssmiles
454 2745 460 2765 :
502 2733 580 2779 Imp.
616 2733 791 2767 Fredericus
811 2746 841 2767 2.
863 2733 894 2767 in
923 2732 1086 2777 Constitut.

334 2781 490 2828 Neapolit.
500 2781 550 2815 lib.
574 2794 607 2817 2.
623 2782 692 2817 Tit.
715 2795 770 2829 31.
793 2781 916 2816 fimcivit
939 2782 1041 2816 denuo
1054 2783 1086 2817 in

334 2829 417 2863 hunc
434 2829 571 2865 modum.
619 2837 704 2878 Leges
716 2846 775 2877 quae
792 2831 810 2864 a
822 2832 1088 2877 quibufflamfimpli-

336 2879 409 2911 cibus
427 2882 553 2913 dicuntur
563 2882 708 2926 paribiles‚
730 2895 788 2927 quie
805 2894 852 2914 nec
862 2894 950 2914 rerum
959 2893 1087 2914 naturam

335 2928 490 2971 respiciunt,
510 2942 558 2961 nec
570 2936 717 2964 veritatem
731 2931 884 2970 attendunt,
901 2943 946 2962 nos
959 2934 1017 2975 qui,
1028 2930 1084 2964 &c.

340 2988 370 3008 m
379 2986 535 3021 perpetuum
551 2977 720 3013 inhibemus
869 2983 970 3012 Eorum
986 2985 1088 3012 etenim

334 3024 440 3064 sensiam
469 3037 521 3057 non
556 3036 614 3058 tam
641 3028 822 3072 corrigendum
853 3029 982 3062 duximus
1005 3027 1089 3072 qutim

342 3074 493 3113 ridendum,
515 3079 563 3117 qui
575 3078 726 3108 naturalem
738 3078 874 3108 candentis
885 3080 959 3115 fhrri
977 3078 1088 3108 calorem

343 3122 477 3167 tepeseere,
488 3121 543 3154 imo
552 3124 643 3166 (quod
653 3126 690 3165 est
698 3120 832 3165 stultius)
852 3118 999 3168 fi-igestere
1015 3124 1089 3155 nulla

336 3174 412 3215 justa
429 3172 509 3204 causa
518 3173 721 3215 fiipervenieme
740 3172 889 3210 confidunt:
913 3184 963 3203 aut
984 3178 1031 3215 qui
1048 3184 1089 3203 re—

340 3233 387 3253 um
403 3224 529 3254 criminis
545 3223 726 3263 constitutum,
747 3219 778 3252 ob
796 3220 985 3259 conscientiam
1003 3221 1091 3260 laefizm

343 3270 459 3310 afferunt
476 3269 510 3300 ab
527 3281 602 3313 aqua
622 3271 734 3314 frigida·
764 3271 889 3301 elemento
920 3281 971 3301 non
988 3274 1092 3314 recipi,

343 3330 421 3362 quem
440 3317 577 3362 fiaebmergi
594 3319 684 3363 potitis
705 3322 773 3350 ae'ris
792 3323 961 3361 competentis
979 3323 1091 3351 retentio
1130 3352 1134 3356 ‚

343 3378 394 3398 non
402 3369 551 3410 permittit.

395 3416 521 3448 Duellum
551 3412 763 3458 Longobardis
781 3413 931 3460 praecipue
964 3413 1095 3448 admira-

346 3472 425 3503 tum,
447 3460 519 3496 cum
537 3460 655 3496 auferre
683 3476 746 3498 non
763 3462 877 3496 valeret
888 3461 997 3508 priscus
1022 3464 1094 3497 Rex

348 3522 456 3545 eorum
472 3510 689 3557 Luitprandus‚
701 3512 829 3558 impium
841 3522 944 3546 tamen
950 3511 1094 3546 denunci-

350 3559 425 3599 avit,
441 3558 545 3605 legum
553 3559 600 3593 lib.
630 3573 656 3594 1.
679 3560 747 3595 Tit.
759 3573 791 3606 ε).
806 3561 824 3595 l.
837 3573 894 3607 23.
913 3566 1012 3595 Incerti
1026 3559 1095 3606 (in-

1121 447 1207 494 quit)
1217 452 1311 489 fiamus
1323 452 1356 483 de
1371 453 1474 494 judicio
1488 457 1558 485 Dei:
1583 450 1618 485 &
1649 455 1743 485 multos
1760 456 1867 488 audivi-

1123 511 1183 530 mus
1187 509 1239 543 per
1250 510 1370 543 pugnam
1379 503 1438 539 fine
1464 504 1539 543 justa
1556 502 1632 541 causti
1645 503 1725 541 stram
1760 515 1808 535 cau
1818 517 1864 536 am

1116 548 1234 590 perdere.
1256 550 1309 580 Sed
1318 558 1426 592 propter
1438 550 1644 589 conficetadinem
1657 556 1749 594 gentis
1766 555 1868 594 nostra,

1123 595 1352 638 Langobardorum
1370 599 1453 642 legem
1468 603 1585 643 impiam
1602 610 1693 631 vetare
1715 612 1766 631 non
1782 600 1867 644 poffiae-

1122 654 1194 674 mus:
1221 643 1311 689 Sequi
1337 643 1431 687 igitur
1462 646 1634 692 exemplum
1653 645 1760 680 Moifis
1788 648 1819 681 in
1837 648 1870 682 lia

1123 687 1202 722 bello
1219 689 1341 724 divortIi
1358 693 1478 727 maestus
1494 694 1535 728 est
1549 708 1559 737 3
1593 699 1625 729 ὃ(
1650 695 1798 729 cervicosi)
1815 709 1870 743 po-

1123 736 1196 782 pulo
1209 738 1291 772 suam
1310 739 1413 773 cedere
1427 742 1641 778 morositatem.
1666 745 1773 777 Ritum
1787 743 1870 778 nefa-

1124 785 1203 819 rium
1219 785 1348 820 atrocius
1365 786 1519 834 impetunt
1540 791 1706 826 seculorum
1731 792 1871 827 Theolo-

1123 833 1169 879 gi,
1193 835 1355 880 praesertim
1375 836 1557 880 Agobardus
1569 840 1731 884 Episcopus
1748 842 1777 874 in
1794 841 1871 875 libro

1122 882 1243 928 integro
1268 883 1309 917 ad
1337 885 1553 930 Imperatorem
1571 887 1764 922 Ludovicum
1784 890 1869 935 pium

1122 929 1203 965 dato.
1228 932 1380 966 Decretali
1393 933 1484 967 etiam
1503 933 1629 980 epistolii*
1642 937 1679 969 C.
1691 948 1722 970 2.
1735 949 1764 982 q.
1776 949 1806 982 5.
1822 950 1867 972 ca.

1125 990 1183 1014 22.
1200 979 1330 1014 inhibuit
1346 981 1490 1016 Nicolaus
1508 981 1648 1018 Pontifex
1665 984 1705 1018 ad
1722 985 1870 1020 Carolum

1124 1029 1245 1074 Regem
1263 1030 1402 1064 Lotharii
1420 1040 1563 1077 patruum
1582 1042 1705 1067 exarata
1726 1047 1732 1066 :
1769 1033 1871 1067 decer-

1123 1089 1196 1110 nens
1212 1079 1457 1114 monomachiam
1476 1080 1602 1115 Davidis
1626 1085 1658 1115 &
1683 1080 1785 1115 Goliae
1807 1094 1871 1116 non

1123 1136 1179 1170 pro
1197 1125 1265 1173 lege
1284 1128 1464 1171 tenendam3
1488 1128 1535 1162 sed
1561 1132 1707 1173 hujusmodi
1726 1133 1871 1171 fiFrantes‚

1123 1180 1213 1207 Deum
1223 1179 1383 1215 filummodo
1399 1188 1509 1210 tentare.
1534 1178 1607 1211 Huc
1637 1179 1719 1212 sonat
1739 1179 1870 1212 Concilii

1123 1224 1270 1269 generalis
1287 1224 1493 1258 Lateranenfis
1502 1225 1554 1259 sub
1571 1225 1745 1260 Alexandro
1767 1239 1797 1273 3.
1809 1229 1868 1260 An.

1124 1272 1217 1305 Dom.
1241 1285 1254 1306 1
1268 1284 1280 1306 1
1293 1272 1349 1306 80.
1366 1274 1475 1306 Canon
1492 1287 1550 1308 20.
1572 1287 1664 1321 quem
1683 1275 1752 1309 vide
1770 1276 1800 1310 in
1810 1279 1872 1309 Tor-

1124 1332 1304 1354 neamentum.
1353 1322 1483 1356 Morem
1529 1333 1632 1357 autem
1665 1323 1874 1358 vehementius

1125 1366 1251 1403 damnat
1272 1370 1447 1404 Concilium
1476 1371 1616 1416 generale
1652 1371 1873 1407 Tridentinum

1125 1415 1195 1451 Seff.
1212 1430 1224 1452 1
1236 1430 1309 1463 5.ca.
1323 1431 1381 1453 20.
1393 1431 1456 1466 quo
1468 1432 1530 1453 non
1540 1420 1658 1454 tantum
1677 1420 1875 1455 duellionibus

1126 1463 1253 1511 ipfis‚1ed
1262 1470 1293 1500 &
1308 1468 1499 1513 Imperatori,
1508 1468 1656 1514 Regibus,
1674 1473 1705 1503 &
1715 1470 1873 1516 Magnati-

1126 1513 1182 1570 bus
1195 1527 1267 1549 eum
1285 1517 1393 1563 exequi
1421 1517 1672 1561 permittentibus,
1698 1518 1870 1565 graviffime

1128 1572 1343 1598 mtermmatur.
1428 1587 1434 1595 -
1476 1596 1481 1601 .

1167 1613 1287 1647 scholii
1304 1612 1407 1661 deniq3
1423 1614 1554 1657 Amhor,
1577 1615 1616 1649 ad
1629 1615 1772 1662 Stephani
1781 1628 1873 1661 quam
1886 1633 2024 1662 Omnium
2037 1632 2065 1660 in

1129 1660 1288 1695 citavimus
1299 1661 1555 1699 Constitutionem
1569 1678 1575 1697 :
1601 1664 1638 1698 de
1656 1665 1777 1711 vulgari
1785 1676 1876 1710 agens
1889 1680 2000 1711 genere.

1129 1710 1521 1756 purgationessiqquamlibet
1534 1715 1681 1756 hujusmodi
1689 1718 1877 1758 purgationem

1130 1755 1237 1792 elidem
1250 1758 1476 1794 Constitutione
1492 1764 1583 1794 ‘isidori
1599 1762 1749 1795 inhibitam
1763 1775 1769 1795 :
1794 1761 1877 1808 quod

1130 1804 1254 1841 inferius
1270 1807 1383 1842 ibidem
1401 1807 1531 1843 dicitur:
1547 1810 1696 1855 spontanea
1729 1814 1879 1854 confeffione

1130 1859 1175 1891 vel
1190 1860 1298 1899 testium
1315 1857 1712 1904 approbationejudicandum.
1751 1858 1809 1892 Sed
1825 1871 1878 1893 ex-

1131 1905 1225 1952 presse
1243 1907 1339 1940 vetuit
1357 1919 1420 1940 non
1437 1906 1533 1941 solum
1546 1907 1709 1954 vulgarem
1739 1907 1878 1954 purgati-

1131 1967 1235 1997 onem,
1259 1965 1289 1988 at
1302 1956 1437 1999 cujustibet
1449 1959 1583 2002 popularis
1600 1962 1762 1990 inventionis
1776 1956 1878 1997 aliam,

1131 2002 1279 2037 Alexand.
1299 2017 1331 2038 2.
1351 2005 1382 2037 in
1393 2005 1491 2050 capite
1500 2008 1646 2045 Mennam,
1673 2005 1751 2038 male
1766 2003 1880 2051 (quoad

1131 2050 1213 2084 hunc
1225 2051 1473 2098 paragraphum)
1485 2053 1641 2100 Gregorio
1651 2052 1854 2086 M.att1·ibut0.

1178 2101 1344 2137 Canonum
1351 2101 1426 2135 vero
1433 2101 1617 2135 authoritate
1625 2098 1806 2148 posthabita,
1814 2101 1881 2135 diu-
1894 2119 2020 2148 Canones
2035 2117 2108 2154 post-

1130 2148 1237 2182 tiffime
1250 2150 1416 2183 retinentur
1432 2148 1518 2195 ubiq3
1538 2150 1677 2195 gentium
1695 2162 1794 2183 mores
1824 2149 1989 2190 isti,1,2b1t1.

1130 2196 1241 2242 legum.
1261 2196 1439 2231 secularium
1468 2197 1645 2230 sententiam
1679 2198 1880 2243 expetetantes.

1132 2245 1229 2290 Igitur
1241 2244 1417 2278 Fredericus
1440 2257 1468 2279 1.
1491 2245 1643 2279 sanctione
1660 2249 1766 2292 (quam
1791 2247 1879 2292 supra

1131 2291 1282 2336 dedimus)
1307 2296 1445 2339 vussarem
1479 2293 1593 2328 sustulit
1615 2295 1822 2340 probationem:
1846 2299 1879 2329 &

1130 2342 1162 2375 in
1181 2341 1428 2376 Constitutionib.
1451 2343 1608 2389 Neapolit.
1619 2342 1669 2376 lib.
1680 2355 1711 2377 2.
1725 2343 1806 2376 Titt.
1824 2356 1879 2389 32.

1131 2393 1164 2425 &
1183 2403 1237 2437 33.
1255 2393 1370 2424 duellum
1388 2391 1419 2424 in
1432 2391 1569 2437 plurimis
1585 2391 1745 2426 interdixit.
1782 2393 1816 2425 In
1834 2392 1880 2426 his

1131 2449 1233 2474 autem
1251 2452 1320 2486 quae
1331 2452 1382 2485 per
1389 2441 1552 2485 probationes
1559 2444 1719 2485 aliquas‚vei
1728 2452 1779 2485 per
1791 2446 1883 2487 inqui-

1122 2492 1248 2529 sitionem
1265 2493 1388 2534 aliquam
1400 2489 1481 2533 plane*
1498 2503 1548 2522 non
1567 2496 1666 2534 poterit
1675 2493 1786 2529 facinus
1810 2503 1880 2522 com-

1124 2538 1247 2583 probari,
1265 2551 1328 2572 tunc
1341 2541 1444 2571 denuem
1458 2537 1470 2582 (
1484 2538 1582 2586 inquit
1590 2539 1600 2576 J
1626 2541 1664 2571 acl
1676 2550 1770 2583 pugna.-
1776 2541 1881 2582 judici<

1131 2601 1189 2627 um,
1200 2590 1315 2630 judiciis
1327 2588 1547 2633 praecedentibus,
1569 2588 1745 2628 defiendatur.
1778 2587 1881 2620 Cano-

1132 2635 1219 2670 nibus
1228 2636 1285 2670 stil.
1302 2649 1366 2670 non
1383 2634 1579 2669 obstantibus.
1626 2637 1744 2669 Interea
1767 2634 1831 2669 aliis
1849 2635 1880 2668 in

1132 2684 1203 2719 locis
1221 2697 1275 2718 nec
1294 2683 1395 2719 duello
1408 2685 1605 2718 reclamatum
1627 2683 1682 2726 est,
1704 2695 1758 2717 nec
1776 2686 1881 2728 vulgari

1134 2733 1187 2780 ipsi
1191 2739 1347 2780 purgationi
1360 2747 1366 2767 :
1391 2746 1454 2767 non
1471 2732 1489 2767 a
1501 2732 1592 2774 laicis,
1610 2745 1673 2766 non
1687 2731 1704 2765 a
1716 2731 1803 2764 turba
1816 2731 1882 2776 plu-

1134 2783 1211 2817 rima
1228 2778 1429 2816 clericorum.
1451 2782 1566 2829 Liquet
1589 2779 1733 2826 copiofius
1750 2792 1788 2812 ex
1806 2780 1882 2812 anti-

1134 2831 1200 2879 quis
1212 2830 1322 2865 schedis
1338 2844 1344 2863 :
1369 2830 1448 2864 clare
1460 2830 1526 2864 satis
1537 2830 1555 2863 ὲ
1568 2828 1684 2862 Concil.
1709 2840 1809 2873 gener.
1821 2828 1882 2861 La-

1135 2891 1241 2914 terano
1250 2879 1303 2913 sub
1316 2881 1470 2913 Innocent.
1483 2890 1511 2924 3.
1535 2880 1595 2911 An.
1606 2878 1698 2910 Dom.
1719 2889 1730 2909 1
1741 2889 1761 2910 2
1771 2889 1783 2909 1
1795 2888 1825 2921 5.
1837 2888 1881 2910 ca.

1142 2942 1154 2962 1
1167 2929 1196 2963 8.
1211 2926 1318 2962 Refert
1330 2928 1449 2971 Juretus
1466 2927 1483 2959 ὲ
1498 2927 1588 2960 MSS.
1609 2924 1671 2959 duo
1689 2924 1816 2970 egregia
1829 2938 1880 2959 ex-

1136 2977 1235 3023 empla
1254 2976 1400 3010 Ivoniano
1413 2974 1508 3007 seculo
1525 2972 1739 3018 contingentia.
1762 2974 1796 3007 In
1809 2985 1882 3015 uno,

1137 3024 1301 3059 monachus
1314 3022 1447 3056 coenobii
1456 3020 1724 3063 Windodmmfis,
1744 3020 1879 3057 duellum
1896 3018 2020 3045 Duellum
2036 3017 2113 3061 ‚in‘es

1136 3073 1243 3120 pangit
1256 3083 1327 3105 cum
1344 3069 1551 3105 Sanaonenfis
1564 3070 1758 3117 Episcopatus
1766 3070 1883 3105 clerico.
1896 3054 2096 3085 Beelefiastws‘

1138 3123 1173 3155 In
1191 3121 1296 3160 altero,
1311 3119 1462 3165 religiosus
1479 3119 1604 3166 quidam
1637 3118 1793 3153 Anselmus
1820 3119 1884 3153 the-

1136 3170 1214 3204 sauri
1243 3166 1449 3202 Laudunenfis
1480 3167 1619 3202 Ecclesiae
1639 3167 1747 3211 custos,
1771 3169 1801 3202 in
1820 3181 1885 3202 mo-

1140 3215 1300 3252 nom-achia
1318 3216 1437 3251 strenue
1459 3216 1552 3251 vincit
1581 3213 1796 3260 aurifabrum3
1821 3229 1885 3250 reus

1140 3267 1339 3301 innocentem.

1188 3315 1328 3349 Transeo
1343 3312 1383 3348 ad
1395 3312 1550 3355 nostrates,
1566 3313 1672 3361 quibus
1693 3317 1811 3360 vulgaris
1823 3323 1889 3356 pur-
1903 3338 1955 3367 ord
1970 3339 2032 3367 lium

1136 3370 1212 3411 gano
1238 3362 1349 3410 (quod
1380 3365 1524 3396 Ordalium
1545 3362 1694 3396 vocabant
1712 3364 1723 3399 )
1743 3359 1841 3399 teriia,
1865 3358 1885 3392 si
1902 3349 2011 3415 quassdo
2022 3378 2119 3415 Anglii

1142 3413 1275 3453 tandem,
1299 3409 1414 3446 indier-21
1430 3412 1497 3458 lege
1515 3411 1713 3457 prohibeatur.
1762 3411 1886 3441 Duellum
1900 3419 2071 3453 ademptum,

1141 3462 1217 3496 vero
1225 3462 1257 3495 in
1272 3460 1421 3507 aliquibus
1436 3461 1474 3494 ad
1486 3459 1534 3506 jus
1544 3458 1679 3492 nostrum
1697 3454 1814 3490 feodale
1827 3456 1887 3502 spe-

1142 3510 1312 3551 stantibus,
1335 3510 1427 3544 etiam
1457 3508 1546 3541 hodie
1564 3504 1717 3550 superstat,
1743 3515 1776 3538 ut
1801 3505 1889 3550 [upra

1145 3559 1248 3594 videas
1266 3559 1296 3593 in
1309 3570 1385 3592 voce
1400 3563 1524 3600 Campus.

1751 3602 1893 3634 ordonum
