2305 3809
346 181 424 243 42

1045 155 1258 218 Henricz'
1294 154 1575 237 Spelmcmni

262 1796 394 1822 Armorum
408 1801 434 1822 a·

595 331 618 380 J
643 340 686 367 De
712 345 795 364 armis
809 355 820 370 ,
855 328 889 362 ὅ
915 338 1050 359 armorum
1079 327 1131 357 ali-

769 390 831 424 quot
857 376 962 409 ritibus.

541 475 565 523 J
589 477 704 514 Arma.
726 473 742 519 ]
767 475 827 507 Pro
845 470 1018 516 insignibus,
1041 468 1116 501 inter
1138 465 1235 512 poste-

493 528 584 561 riores
614 539 676 559 non
697 523 793 568 reperi
823 530 891 554 ante
919 529 995 563 400
1028 515 1097 549 hinc
1122 528 1234 549 annos:

492 587 547 609 nec
560 575 616 609 scio
635 587 673 606 an
692 569 726 604 ea
749 570 864 615 prorsus
877 565 1061 614 antiquitate.
1078 564 1164 599 Novi
1183 577 1236 598 ex—

493 633 555 657 tare
584 620 665 668 apud
679 628 780 666 poetas
798 618 863 651 loca
884 615 998 662 aliquot
1015 613 1085 648 illuc
1103 613 1236 659 spe&an-

495 671 547 712 tia,
572 680 605 704 ut
615 666 737 703 AEneid.
768 679 794 700 1.

648 766 801 804 ——Celfis
819 767 850 794 in
870 761 1001 806 puppibus
1023 773 1102 793 arma
1127 764 1213 792 Caici.

489 812 598 850 Postea
623 829 708 840 --·
732 824 859 856 armaque
872 812 943 850 fixit
960 814 1047 842 Troia.
1096 807 1190 848 Alibi,

540 869 638 896 Pacem
651 875 723 893 orare
733 858 860 900 manu,&
867 859 1001 904 praefigere
1008 857 1137 902 puppibus
1149 871 1235 890 arma.

489 910 582 958 Apud
591 909 757 944 Horatium
764 926 906 937 ---.-—
911 911 1036 949 Vesanius
1057 911 1154 946 armis,

541 963 664 993 Herculis
678 961 715 991 ad
723 960 825 1003 postem
831 955 953 996 fixis.Et
962 954 1048 1001 plura
1061 952 1238 1000 hujufinodi.

540 1056 703 1102 Pompeius
717 1054 789 1087 item
807 1052 942 1093 Sabinus,
964 1048 1057 1085 refert
1075 1049 1238 1086 Meffalam

491 1119 569 1138 arma
578 1117 635 1151 pro
648 1102 809 1149 insignibus
832 1099 1016 1141 intellexisse,
1039 1100 1079 1134 ad
1101 1100 1239 1134 Valenti-

490 1154 615 1187 nianum
640 1152 815 1186 scribentem
834 1151 920 1196 super
938 1148 967 1182 id
988 1147 1124 1195 Virgilii,
1148 1164 1239 1184 arma-

491 1216 541 1247 que
557 1204 629 1242 fixit
649 1207 735 1244 TroJa.
753 1199 810 1233 Sed
829 1198 867 1232 de
887 1198 932 1232 his
942 1210 996 1231 nos
1015 1197 1093 1231 alibi.

541 1257 628 1283 Arma
646 1253 780 1282 militaria
798 1251 880 1280 alicui
898 1249 961 1280 dare
979 1246 1028 1280 vel
1055 1249 1170 1288 tradere,
1194 1262 1238 1281 ar-

492 1303 545 1330 mis
563 1299 728 1331 militaribus
759 1300 878 1342 aliquem
906 1299 1015 1336 donare,
1043 1301 1166 1341 cingere,
1194 1299 1239 1329 ho-

491 1360 594 1387 norm-e,
636 1346 716 1392 apud
751 1345 879 1378 aliorum
911 1344 1076 1378 seculorum
1108 1345 1240 1391 Scripto-

493 1408 549 1436 res,
573 1395 677 1442 passim
696 1403 868 1435 occmrunt,
894 1405 949 1438 pro
970 1405 1008 1426 eo
1037 1392 1120 1439 quod
1147 1393 1239 1427 hodie

492 1443 618 1477 dicimus
631 1469 640 1484 ,
678 1449 806 1489 Equitem
832 1453 957 1475 auratum
987 1455 1083 1476 creare.
1131 1442 1238 1476 Sermo

491 1502 588 1532 vetus,
611 1491 628 1525 -Σι
640 1492 735 1525 veteri
767 1492 995 1524 Germanorum
1013 1490 1073 1524 ritu
1091 1489 1240 1525 dedu&us

491 1539 623 1580 videtur,
647 1540 698 1585 qui
713 1539 872 1572 traditione
891 1539 961 1572 stuti
976 1542 1008 1572 ὅ(
1020 1536 1155 1580 frameae,
1167 1539 1240 1573 ado-

490 1586 627 1621 lescentes
646 1587 684 1620 ad
697 1586 836 1619 militiam
850 1595 945 1631 aptOS,
967 1585 1125 1618 ffilenniter
1143 1586 1240 1619 admi-

492 1636 569 1669 sere:
593 1647 626 1668 ut
658 1634 739 1681 apud
758 1634 908 1667 Tacitum
926 1632 1010 1677 legas
1041 1632 1080 1666 de
1108 1634 1240 1668 Germa-

493 1696 603 1717 norum
626 1682 767 1717 moribus.
791 1683 832 1716 V.
852 1682 920 1714 LL.
935 1683 1013 1714 Alur.
1033 1681 1083 1714 M.
1100 1682 1152 1714 SS.
1175 1694 1240 1728 cap.

497 1745 529 1766 2.
544 1730 676 1778 Impress]
694 1744 757 1778 cap.
781 1743 808 1764 1.

541 1788 685 1814 Armorum
695 1783 838 1825 ademptio3
856 1778 1027 1824 gravissima
1041 1778 1135 1824 igitur
1146 1791 1239 1825 poena

261 1833 375 1870 demptio,
388 1832 416 1863 δ’
428 1832 478 1863 alii
491 1829 573 1876 apud
595 1841 700 1862 omnes
717 1829 843 1869 Gentes,
865 1827 904 1860 ab
923 1827 1008 1860 initio
1034 1827 1168 1861 militaris
1185 1826 1241 1862 diss

260 1873 338 1901 ritus.

490 1878 630 1925 ciplinae:
654 1874 714 1924 quz‘i
740 1876 832 1910 etiam
853 1876 985 1909 Saxones
1010 1874 1103 1909 nostri
1121 1876 1239 1910 liberta-

490 1937 553 1961 tem
571 1926 753 1960 adimebant.
776 1926 852 1958 LL.
876 1927 988 1958 Aluredi
1006 1936 1070 1970 cap.
1095 1937 1122 1958 1.
1172 1926 1239 1965 Qui

491 1975 585 2010 fidem
618 1974 753 2021 juratam
778 1984 831 2008 aut
861 1973 971 2019 pignus
1002 1972 1107 2006 datum
1135 1972 1241 2008 deserit

494 2027 662 2058 Armorum
691 2022 834 2070 pleffitur
856 2021 1016 2056 amiffione.
1040 2023 1118 2056 LL.
1132 2027 1239 2066 fiai-csta?

492 2078 593 2106 Canuti
611 2074 650 2106 R.
659 2085 723 2118 cap.
737 2084 794 2118 25.
842 2071 873 2104 Si
891 2070 966 2104 liber
976 2070 1070 2103 homo
1082 2069 1180 2104 feram
1195 2078 1241 2105 're-

491 2123 576 2168 giam
596 2131 737 2155 vocatam
755 2125 872 2166 Staggon
881 2118 1035 2160 occiderit,
1047 2119 1165 2154 amittat
1177 2121 1238 2153 stu-

493 2181 560 2204 tum
573 2169 722 2204 libertatis.
772 2170 812 2203 Et
831 2168 979 2202 Germani
993 2167 1117 2214 quidem
1127 2169 1239 2203 nonsp-

491 2218 555 2252 lum
574 2217 706 2260 Ethnici,
728 2216 777 2251 sed
795 2217 834 2252 ad
848 2216 941 2251 fidem
955 2215 1100 2259 conversi,
1124 2230 1159 2251 ea
1172 2217 1240 2251 reli-

490 2268 582 2313 gione
595 2280 680 2301 arma
699 2265 848 2308 colebant,
871 2275 905 2299 ut
917 2264 991 2299 nihil
1011 2263 1153 2308 facerent,
1177 2279 1238 2301 non

490 2316 606 2350 armati.
630 2315 839 2362 Epulabantur
856 2314 976 2356 armati,
994 2314 1131 2348 Concilia
1141 2327 1238 2349 arma—

492 2365 514 2397 ti
535 2365 659 2406 inibant,
677 2364 833 2411 paetiones
851 2374 1007 2397 armorum
1026 2363 1170 2396 contaetu
1188 2363 1239 2397 fir-

491 2413 623 2446 mabant.
648 2413 767 2446 Armati
779 2413 871 2447 etiam
885 2411 1039 2458 jurabant,
1053 2412 1101 2445 vel
1122 2411 1238 2447 armatii

490 2459 608 2502 dextr-li,
633 2461 681 2494 vel
699 2462 784 2506 ssipen·
797 2462 888 2495 armis
913 2459 1067 2494 interdum
1087 2459 1239 2495 honorati-

490 2509 549 2542 oris
567 2508 697 2555 alicujus,
734 2510 883 2543 interdum
902 2510 957 2543 suis
984 2509 1122 2554 propriis,
1152 2510 1238 2544 velut

491 2558 557 2591 Diis
572 2558 739 2592 Penatibus.
762 2560 788 2591 F
789 2558 907 2592 ormula
924 2567 1009 2591 vetus
1019 2559 1110 2591 Rom.
1129 2571 1196 2604 quae
1207 2572 1238 2593 a—

491 2606 553 2652 pud
562 2606 826 2652 Lindenbrogiurn
835 2605 997 2640 cori-efiius
1006 2615 1149 2647 extat,nu.
1158 2620 1169 2641 1
1184 2621 1195 2641 1
1206 2621 1237 2653 9.

489 2660 601 2688 Veniens
613 2670 675 2698 jam
689 2658 774 2688 diHus
802 2659 858 2696 ille,
890 2656 1049 2700 adprehergfiz
1071 2668 1154 2688 manu
1166 2668 1237 2702 prae-

488 2707 557 2737 diiii
562 2707 675 2747 judicis,
685 2708 729 2736 vel
745 2710 840 2745 armis,
848 2707 921 2744 ficut
939 2718 994 2736 mos
1012 2707 1048 2746 cst
1061 2707 1133 2748 apud
1140 2718 1238 2747 omnes,

487 2759 545 2793 xii,
568 2767 651 2785 manu
660 2755 713 2794 fita
741 2759 818 2793 xiii,
855 2755 996 2785 dextrariis
1019 2755 1063 2783 vel
1091 2766 1237 2796 conjuratus

488 2804 576 2842 dixit,
589 2801 722 2847 quod,&c.
742 2802 819 2834 Item
834 2800 992 2834 Aimoinus
1009 2799 1047 2832 de
1064 2797 1182 2834 foedere
1194 2803 1238 2836 in-

488 2861 534 2883 ter
548 2850 761 2897 Dagobertum
775 2851 926 2883 Francum
938 2853 968 2882 ὃ(
979 2849 1166 2883 Saxoneslib.
1177 2861 1237 2895 41.

489 2911 552 2944 cap.
573 2901 630 2933 26.
655 2905 710 2931 Hoc
723 2903 834 2944 pausiam
847 2900 1017 2939 file-ramento
1035 2900 1142 2943 quidem
1156 2900 1191 2940 fit
1209 2914 1238 2932 er

490 2960 567 2978 arma
579 2951 621 2986 (nt
629 2953 668 2980 eis
676 2962 731 2980 mos
743 2959 802 2980 erat
811 2948 822 2984 )
835 2947 996 2991 pauentibus.
1037 2948 1133 2981 Arma
1145 2947 1238 2982 etiam

491 3005 530 3027 ex
549 3006 633 3026 more
648 2996 857 3029 consecrabant
871 3009 881 3038 3
905 2999 937 3029 &
956 2994 978 3028 sl
995 2996 1162 3029 consecrata
1176 3009 1237 3031 non

493 3040 596 3082 ess'ent,
614 3054 649 3074 ea
661 3042 740 3087 prius
749 3044 886 3078 Hier-anda
900 3043 972 3077 dare
985 3042 1136 3089 juraturus
1156 3055 1239 3080 tene-

493 3090 593 3130 batur,
612 3102 684 3123 nam
694 3089 724 3122 id
744 3090 870 3123 finetius
884 3091 1004 3135 jurandi
1015 3093 1088 3126 ritus
1103 3091 1239 3129 fuitBoi-

493 3150 537 3170 01⁴.
550 3139 617 3171 LL.
641 3137 707 3171 Tit.
732 3150 743 3171 1
756 3138 784 3171 8.
809 3137 826 3170 l.
849 3150 878 3182 ς.
901 3144 973 3171 Tunc
987 3143 1057 3178 fialas
1075 3147 1149 3183 juret
1176 3157 1236 3176 cum

485 3188 538 3227 fisa
560 3201 652 3226 manu,
670 3190 759 3230 postca
772 3189 848 3218 donet
865 3188 999 3226 armafita
1017 3191 1054 3219 ad
1063 3190 1238 3230 ſsim-andum,

494 3234 529 3269 ὅ
550 3246 600 3279 per
622 3249 652 3266 ea
665 3247 739 3277 juret
755 3237 838 3279 ipfimz
857 3235 965 3267 verbum
984 3248 1043 3267 cum
1067 3248 1117 3267 uno
1145 3237 1238 3275 fitem—

493 3286 612 3316 mentali.
661 3283 787 3315 Carolus
796 3283 987 3327 leragautem
999 3282 1122 3317 tandem
1136 3282 1238 3317 statuit

495 3342 528 3365 ut
546 3343 636 3365 omne
656 3331 871 3363 sacramentum
882 3333 962 3375 fitpc’r
984 3335 1111 3377 reliquias
1121 3337 1236 3376 juretur.

494 3380 658 3427 Capitular.
675 3379 724 3414 lib.
741 3380 772 3414 6.
789 3390 854 3425 cap.
874 3391 959 3425 209.

1332 268 1355 317 J
1380 270 1536 308 Armerii.
1559 271 1577 317 ]
1600 275 1662 307 Pro
1691 276 1836 320 Armarii,
1857 277 1875 310 i.
1893 291 2026 310 armorum

1275 321 1463 362 fabricatores.
1486 321 1534 355 Sic
1551 320 1679 356 Constit.
1697 323 1826 370 Neapol.
1844 325 1893 359 lib.
1911 339 1940 373 3.
1958 325 2026 360 Tit,

1288 370 1344 415 36.
1368 369 1385 403 l.
1405 382 1432 404 1.
1456 369 1578 404 &alibi

1387 462 1411 511 J
1434 473 1478 500 De
1499 473 1663 513 Armigeris,
1686 481 1825 514 eorumque
1849 472 1925 513 claffe

1617 530 1704 550 verna.

1334 605 1358 653 ff
1381 606 1542 655 Armiger·
1562 611 1580 655 ]
1602 613 1683 648 Gall.
1715 616 1833 657 Escuier,
1874 614 1924 649 vel
1951 616 2029 650 mili·

1285 657 1356 691 raris
1382 657 1449 700 est,
1480 658 1531 693 vel
1559 659 1678 695 civilis:
1714 666 1747 696 ὃς
1766 662 1875 698 dicitur
1901 674 2028 710 uterque

1285 705 1388 741 multis
1417 706 1523 741 modis.
1589 707 1658 741 Nos
1687 707 1705 743 a
1734 710 1856 747 militari
1891 713 2028 747 exordie-

1285 767 1363 789 mur.

1335 803 1453 846 Primo,
1470 810 1610 850 Arnuger,
1632 816 1820 852 nuncupatus
1837 808 1891 851 est,
1910 810 1962 858 qui
1976 808 2029 843 do·
2043 806 2160 853 Aj‘ml'gef
2185 847 2188 853 ,

1286 851 1362 886 mini
1378 852 1421 886 sui
1439 865 1524 888 arma
1541 852 1664 899 bajulat,
1686 854 1814 901 ipsisque
1830 867 1902 889 eum
1918 858 2029 903 cingit:
2042 846 2186 876 ‘'mmm''

1287 910 1320 934 ut
1333 901 1363 934 in
1376 901 1456 936 sacra
1467 902 1630 948 Scriptura,
1641 910 1769 950 Armiger
1783 903 2034 948 Abimelecssaul,

1281 949 1443 993 Jonathae3
1465 950 1546 997 apud
1560 961 1664 997 poetas
1677 955 1709 986 ὃς
1727 951 1892 995 historicos,
1915 953 2033 988 Ι-Ιεέὶο-

1287 998 1337 1040 ris,
1355 998 1490 1041 Achillis,
1506 999 1676 1042 Diomedis,
1706 1004 1764 1036 &c.
1786 1001 1835 1035 Sic
1851 1001 1935 1036 Paul.
1957 1003 2031 1037 Dia-

1287 1059 1390 1088 conus,
1415 1047 1557 1094 Longob.
1574 1047 1624 1082 lib.
1643 1049 1675 1083 6.
1698 1062 1763 1097 cap.
1787 1062 1841 1096 15.
1868 1053 1920 1097 Ipse}
1946 1054 2031 1086 adhuc

1287 1099 1408 1129 lanceam
1419 1098 1512 1139 suam,
1534 1098 1568 1130 ab
1581 1103 1712 1144 armigero
1729 1113 1781 1132 non
1798 1100 1894 1142 abstuli
1915 1112 1950 1134 et.
1991 1101 2033 1134 Et

1287 1143 1338 1178 lib.
1358 1158 1390 1179 2.
1414 1158 1479 1192 cap.
1498 1156 1553 1190 14.
1577 1145 1658 1180 hunc
1676 1147 1808 1181 eundem
1820 1146 2002 1190 ministrum,
2015 1147 2033 1183 ἒι

1287 1193 1502 1240 Longobardis
1519 1193 1634 1240 Scilpor
1649 1194 1708 1230 dici
1731 1195 1789 1240 (ut
1801 1196 1969 1231 Saxonibus
1980 1209 2034 1231 no-

1288 1240 1375 1281 stris)
1398 1243 1520 1285 indicat,
1543 1243 1574 1276 id
1588 1242 1642 1285 est,
1650 1244 1817 1285 stutift’rum.
1865 1251 1903 1288 Re
1921 1252 1945 1278 is
1968 1244 2034 1289 (in-

1287 1290 1354 1336 quit
1371 1291 1383 1331 )
1406 1295 1515 1338 Scilpor,
1532 1295 1578 1325 hoc
1594 1294 1631 1334 cst
1650 1299 1789 1339 armiger,
1810 1292 1846 1328 &
1868 1298 2036 1328 colleHane-us

1287 1352 1354 1374 erat.
1401 1340 1568 1374 Saxonibus
1589 1351 1693 1376 autem
1714 1341 1830 1383 nostris,
1853 1340 1924 1376 alias
1941 1342 2036 1376 Scilb-

1287 1400 1395 1431 enave,
1429 1388 1608 1437 quibusdam
1644 1390 1887 1437 Schilb-knigbc
1901 1417 1912 1433 ‚
1934 1391 1952 1424 i.
1961 1393 2036 1432 scuti

1286 1441 1411 1480 minister
1422 1449 1610 1485 nuncupatus
1628 1439 1680 1474 est.

1337 1486 1486 1529 Secundo,
1508 1488 1561 1535 qui
1570 1488 1648 1522 inter
1655 1501 1751 1530 arma,
1769 1489 1898 1522 Domini
1906 1488 1949 1521 sui
1956 1487 2033 1522 latus
2047 1499 2164 1537 Armiger
2173 1496 2251 1536 fatet.

1287 1533 1377 1581 stipat
1388 1545 1556 1583 tueturque.
1566 1536 1721 1583 Ejufinodi
1732 1538 2030 1584 Proceres,quatuor:
2045 1541 2130 1570 liuius.

1288 1584 1412 1628 Equites
1428 1585 1536 1626 aurati,
1551 1585 1627 1620 duos
1639 1584 1773 1619 habuiffe
1795 1585 1944 1619 dicuntur.
1967 1585 2036 1619 No-

1288 1630 1389 1664 tiffimi
1405 1631 1472 1664 sunt
1494 1632 1605 1666 Audlei
1627 1635 1764 1676 Batonis,
1787 1644 1814 1679 4
1831 1633 1874 1667 illi
1896 1639 2036 1679 Armigeri

1288 1678 1319 1710 in
1344 1691 1449 1723 pugna
1468 1679 1661 1724 Piciavienfi,
1684 1683 1742 1715 An.
1760 1682 1853 1715 Dom.
1874 1683 1982 1728 1356.
2005 1694 2035 1715 a-

1287 1725 1351 1770 pud
1370 1726 1396 1758 F
1398 1725 1571 1760 roiffirdum.

1336 1773 1460 1815 Tertio,
1476 1786 1533 1821 pro
1546 1776 1612 1809 viro
1621 1775 1729 1810 Nobili
1740 1777 1789 1810 seu
1803 1778 1969 1821 Generoso,
1981 1780 2036 1826 qui
2050 1790 2172 1826 Armiger

1287 1835 1373 1856 arma
1381 1823 1493 1857 traciat
1502 1823 1658 1858 militaria:
1682 1824 1731 1858 sed
1744 1825 1923 1872 Equestrem
1936 1827 2035 1861 adhuc
2049 1837 2156 1858 merens.

1288 1870 1472 1917 dignitatem>
1486 1884 1548 1905 non
1567 1872 1610 1906 est
1626 1871 1805 1919 assequutus.
1828 1875 1876 1909 Sic
1890 1875 1920 1908 in
1932 1875 2035 1917 codice

1288 1917 1472 1953 fundationis
1496 1921 1641 1954 Coenobii
1677 1921 1837 1956 Waldenfi
1859 1923 1908 1956 M.
1927 1923 1955 1957 S.
1968 1924 2037 1959 Tit.

1287 1971 1459 2009 Femdatores,
1482 1969 1585 2003 Chart.
1614 1980 1675 2015 42.
1697 1970 1729 2003 in
1754 1970 1909 2004 Rubrica:
1935 1972 2038 2006 Hum-

1286 2014 1388 2051 fredus
1406 2017 1444 2050 de
1458 2017 1567 2052 Bohun
1578 2019 1692 2052 Comes
1702 2017 1876 2054 Herfordiae
1890 2023 1922 2054 ὃς
1936 2019 2038 2054 Effex-

1286 2066 1336 2108 iae,
1361 2067 1457 2099 nobilis
1470 2074 1596 2114 Armiger
1618 2067 1797 2115 appellatur.
1820 2069 1862 2101 Et
1875 2069 1905 2102 in
1924 2069 2037 2103 Rubri-

1287 2127 1322 2148 ca
1340 2115 1453 2149 chartae
1471 2126 1531 2161 44.
1555 2121 1663 2150 Mortuo
1677 2114 1822 2164 (inquit)
1841 2120 1890 2161 isto
1908 2123 2036 2159 Humfre-

1286 2166 1319 2196 do
1337 2167 1369 2196 de
1392 2166 1486 2197 Bohun
1517 2171 1659 2211 armigero,
1682 2171 1787 2199 Comite
1809 2169 1841 2198 de
1868 2169 1986 2207 Herford
2001 2166 2037 2201 &

1286 2214 1416 2254 Effi’xiae‚
1448 2212 1505 2248 &a
1552 2214 1600 2247 Sic
1626 2215 1715 2248 tertio
1728 2239 1738 2255 ,
1779 2212 1904 2248 inferius
1923 2228 1930 2248 ε
1969 2215 2036 2261 plu-

1286 2261 1422 2309 rimaque
1458 2272 1560 2296 extare
1586 2263 1677 2297 audio
1702 2261 1846 2308 ejufinodi
1873 2263 2036 2310 Exempla-

1286 2309 1341 2351 ria,
1364 2310 1436 2345 cum
1457 2308 1506 2344 hic
1537 2312 1568 2345 in
1596 2311 1725 2346 archivis
1761 2312 1878 2358 Regiis,
1909 2322 1976 2346 turn
2002 2313 2034 2346 in

1286 2358 1444 2393 Hibernia.

1333 2407 1468 2449 Quarto,
1491 2408 1545 2454 qui
1561 2418 1652 2441 terras
1665 2418 1788 2441 tenuere
1810 2421 1865 2455 per
1878 2410 2031 2443 servitium
2046 2418 2162 2454 Armiger

1285 2455 1367 2497 scuti,
1390 2456 1448 2490 hoc
1466 2455 1520 2497 est,
1532 2456 1717 2501 scutagium:
1754 2469 1816 2489 non
1829 2457 1924 2491 solum
1942 2462 2030 2490 Scuti-
2036 2455 2160 2497 feodalis.

1277 2509 1338 2545 feri
1355 2504 1429 2538 disffi
1442 2505 1518 2546 fimt,
1535 2505 1582 2538 sed
1593 2505 1684 2538 etiam
1701 2510 1852 2550 Armigeri,
1875 2509 1907 2539 ὅ(
1923 2505 1937 2549 (
1945 2506 2030 2552 quod

1285 2554 1390 2588 loricas
1408 2551 1592 2597 induebant)
1611 2559 1740 2586 Loricati.
1791 2554 1875 2588 Hinc
1888 2567 1963 2602 quos
1976 2556 2033 2588 Gi-

1284 2603 1384 2637 raldus
1400 2602 1578 2637 Cambrens
1597 2608 1734 2635 Loricatos
1747 2612 1847 2644 vocat,
1872 2612 1958 2637 vetus
1971 2602 2033 2648 ejus

1286 2652 1430 2698 interpres
1449 2653 1498 2685 M.
1512 2652 1540 2685 S.
1558 2651 1663 2698 paffim
1674 2655 1820 2698 §qu-itm
1830 2652 1934 2685 vertit:
1953 2654 1988 2684 ut
2001 2652 2031 2687 in

1286 2701 1468 2746 Expugnata
1486 2699 1634 2734 Hibernia
1647 2713 1710 2747 cap.
1735 2713 1864 2748 3·‘·‘30
1879 2703 1981 2733 milites
1999 2703 2031 2733 de

1280 2755 1417 2794 proximis
1442 2749 1477 2784 &
1495 2752 1611 2782 alumnis
1623 2751 1694 2791 fitis,
1708 2751 1741 2790 se
1756 2761 1939 2795 preparantes
1952 2765 1960 2780 .-
1984 2762 2032 2783 nec

1285 2812 1335 2831 non
1344 2801 1407 2831 aliis
1420 2799 1467 2833 60
1489 2801 1614 2839 loricatis,
1623 2800 1779 2844 fizgittariis
1792 2811 1891 2844 quoque
1903 2799 1970 2843 pede
1994 2803 2033 2829 ri-

1284 2848 1342 2888 bus,
1354 2851 1429 2892 quast
1450 2859 1530 2892 300.
1555 2846 1589 2879 Id
1607 2847 1702 2880 codex
1721 2847 1769 2880 ille
1787 2851 1798 2887 (
1810 2845 1909 2879 noster
1919 2847 1968 2880 M.
1980 2843 2033 2888 S.)

1285 2896 1379 2942 Legit
1391 2907 1443 2940 rm:
1463 2897 1610 2941 migma
1634 2903 1696 2933 aun
1710 2898 1740 2940 1),-
1762 2897 1926 2941 &quinat
1945 2893 2032 2940 juxta

1284 2944 1378 2990 quod,
1389 2946 1499 2978 librum
1522 2946 1617 2990 iplum
1637 2946 1784 2978 Latinum
1805 2942 2030 2977 emendandum

1284 2993 1399 3034 censeO,
1422 3006 1493 3028 nam
1507 2993 1566 3026 illic
1584 2993 1693 3035 editur,
1722 2993 1954 3038 130.militil7us,
1971 2989 2035 3038 dis?-⁴

1284 3042 1350 3086 pari
1368 3041 1448 3086 (line
1465 3039 1581 3085 dubio)
1600 3042 1802 3088 proportione.
2029 3069 2031 3072 .

1333 3092 1379 3124 Hi
1387 3091 1426 3124 ad
1436 3091 1574 3125 militiam
1584 3087 1952 3136 pertinebant,pariterque
1963 3098 2028 3119 om-

1284 3151 1336 3172 nes
1349 3139 1530 3173 intercidere.
1578 3139 1646 3171 Orti
1666 3135 1814 3168 verostmt
1832 3146 1937 3167 eorum
1950 3133 2030 3175 loco,

1284 3194 1424 3233 Armigeri
1438 3187 1560 3234 quidam
1579 3184 1700 3226 civiles3
1722 3195 1794 3229 quor
1803 3195 1854 3216 um
1873 3182 1922 3215 alii
1949 3182 2032 3217 hano

1284 3235 1473 3279 dignitatern,
1496 3234 1512 3267 ὲ
1530 3232 1675 3267 nataiibus
1696 3230 1843 3277 afl'equuti
1872 3231 1956 3272 sunt,
1980 3230 2030 3266 alii

1283 3283 1428 3329 Principis
1453 3282 1603 3317 beneficio.
2024 3294 2030 3313 ι

1332 3331 1492 3365 Natalibus
1518 3335 1654 3375 Armiger-i
1674 3329 1758 3370 finit,
1782 3340 1942 3374 procerum
1968 3326 2030 3368 filij(
2042 3332 2157 3369 Armiger
2195 3372 2197 3375 Υ

1283 3391 1398 3422 omnes,
1423 3392 1498 3425 quos
1514 3381 1667 3415 Baronurn
1685 3377 1821 3422 aemulos,
1842 3381 1953 3420 {Lnguz
1969 3374 1982 3419 (
1992 3367 2194 3414 fflhonorarius.

1967 3431 2022 3458 Do-
