<?xml version="1.0" encoding="UTF-8"?>
<!DOCTYPE html PUBLIC "-//W3C//DTD XHTML 1.0 Transitional//EN"
    "http://www.w3.org/TR/xhtml1/DTD/xhtml1-transitional.dtd">
<html xmlns="http://www.w3.org/1999/xhtml" xml:lang="en" lang="en">
 <head>
  <title>
</title>
<meta http-equiv="Content-Type" content="text/html;charset=utf-8" />
  <meta name='ocr-system' content='tesseract 3.04.00' />
  <meta name='ocr-capabilities' content='ocr_page ocr_carea ocr_par ocr_line ocrx_word'/>
</head>
<body>
  <div class='ocr_page' id='page_1' title='image "./glossariumarchia00spel_0234.png"; bbox 0 0 2305 3809; ppageno 0'>
   <div class='ocr_carea' id='block_1_1' title="bbox 130 151 299 166">
    <p class='ocr_par' dir='ltr' id='par_1_1' title="bbox 130 151 299 166">
     <span class='ocr_line' id='line_1_1' title="bbox 130 151 299 166; baseline 0 3643"><span class='ocrx_word' id='word_1_1' title='bbox 130 151 299 166; x_wconf 95' lang='lat' dir='ltr'> </span> 
     </span>
    </p>
   </div>
   <div class='ocr_carea' id='block_1_2' title="bbox 225 177 342 238">
    <p class='ocr_par' dir='ltr' id='par_1_2' title="bbox 225 177 342 238">
     <span class='ocr_line' id='line_1_2' title="bbox 225 177 342 238; baseline -0.009 -1"><span class='ocrx_word' id='word_1_2' title='bbox 225 177 342 238; x_wconf 78' lang='lat'>208</span> 
     </span>
    </p>
   </div>
   <div class='ocr_carea' id='block_1_3' title="bbox 139 253 2121 285">
    <p class='ocr_par' dir='ltr' id='par_1_3' title="bbox 139 253 2121 285">
     <span class='ocr_line' id='line_1_3' title="bbox 139 253 2121 285; baseline -0.006 -11"><span class='ocrx_word' id='word_1_3' title='bbox 139 253 2121 285; x_wconf 51' lang='lat' dir='ltr'><em>W</em></span> 
     </span>
    </p>
   </div>
   <div class='ocr_carea' id='block_1_4' title="bbox 893 163 1420 247">
    <p class='ocr_par' dir='ltr' id='par_1_4' title="bbox 893 163 1420 247">
     <span class='ocr_line' id='line_1_4' title="bbox 893 163 1420 247; baseline -0.006 -20"><span class='ocrx_word' id='word_1_4' title='bbox 893 165 1100 227; x_wconf 71' lang='lat' dir='ltr'>Hearioz&#39;</span> <span class='ocrx_word' id='word_1_5' title='bbox 1161 163 1420 247; x_wconf 42' lang='lat' dir='ltr'>“pelmannz&#39;</span> 
     </span>
    </p>
   </div>
   <div class='ocr_carea' id='block_1_5' title="bbox 364 286 1120 1291">
    <p class='ocr_par' dir='ltr' id='par_1_5' title="bbox 364 286 1114 1010">
     <span class='ocr_line' id='line_1_5' title="bbox 410 286 1098 342; baseline -0.025 -9"><span class='ocrx_word' id='word_1_6' title='bbox 410 294 433 342; x_wconf 55' lang='lat' dir='ltr'><strong>ff</strong></span> <span class='ocrx_word' id='word_1_7' title='bbox 453 293 629 342; x_wconf 69' lang='lat' dir='ltr'>Expeditio.</span> <span class='ocrx_word' id='word_1_8' title='bbox 654 293 670 338; x_wconf 93' lang='lat'>]</span> <span class='ocrx_word' id='word_1_9' title='bbox 703 294 763 326; x_wconf 81' lang='lat' dir='ltr'>Pro</span> <span class='ocrx_word' id='word_1_10' title='bbox 789 289 882 335; x_wconf 85' lang='lat' dir='ltr'>specie</span> <span class='ocrx_word' id='word_1_11' title='bbox 924 286 1068 319; x_wconf 80' lang='lat' dir='ltr'>exercitus</span> <span class='ocrx_word' id='word_1_12' title='bbox 1084 310 1098 329; x_wconf 79' lang='lat'>‚</span> 
     </span>
     <span class='ocr_line' id='line_1_6' title="bbox 364 333 1101 390; baseline -0.02 -10"><span class='ocrx_word' id='word_1_13' title='bbox 364 358 428 379; x_wconf 86' lang='lat' dir='ltr'>non</span> <span class='ocrx_word' id='word_1_14' title='bbox 441 344 511 390; x_wconf 81' lang='lat' dir='ltr'>justi</span> <span class='ocrx_word' id='word_1_15' title='bbox 532 348 563 377; x_wconf 66' lang='grc' dir='ltr'>ὃ(</span> <span class='ocrx_word' id='word_1_16' title='bbox 581 341 724 380; x_wconf 75' lang='lat' dir='ltr'>solemnis,</span> <span class='ocrx_word' id='word_1_17' title='bbox 741 349 772 370; x_wconf 87' lang='lat' dir='ltr'>at</span> <span class='ocrx_word' id='word_1_18' title='bbox 789 336 886 375; x_wconf 76' lang='lat' dir='ltr'>ffibiti,</span> <span class='ocrx_word' id='word_1_19' title='bbox 900 333 984 368; x_wconf 83' lang='lat' dir='ltr'>velut</span> <span class='ocrx_word' id='word_1_20' title='bbox 1003 336 1034 367; x_wconf 69' lang='grc' dir='ltr'>ὃ(</span> <span class='ocrx_word' id='word_1_21' title='bbox 1053 344 1101 367; x_wconf 88' lang='lat' dir='ltr'>tu-</span> 
     </span>
     <span class='ocr_line' id='line_1_7' title="bbox 369 384 1105 431; baseline -0.02 -3"><span class='ocrx_word' id='word_1_22' title='bbox 369 393 531 428; x_wconf 86' lang='lat' dir='ltr'>multuarii.</span> <span class='ocrx_word' id='word_1_23' title='bbox 560 396 622 424; x_wconf 74' lang='lat' dir='ltr'>Vna</span> <span class='ocrx_word' id='word_1_24' title='bbox 637 391 716 431; x_wconf 69' lang='lat' dir='ltr'>Offae,</span> <span class='ocrx_word' id='word_1_25' title='bbox 732 384 768 418; x_wconf 84' lang='lat' dir='ltr'>al.</span> <span class='ocrx_word' id='word_1_26' title='bbox 790 386 885 427; x_wconf 75' lang='lat' dir='ltr'>Offani</span> <span class='ocrx_word' id='word_1_27' title='bbox 899 388 978 427; x_wconf 79' lang='lat' dir='ltr'>Regis</span> <span class='ocrx_word' id='word_1_28' title='bbox 987 386 1105 415; x_wconf 82' lang='lat' dir='ltr'>Mercio-</span> 
     </span>
     <span class='ocr_line' id='line_1_8' title="bbox 367 428 1106 477; baseline -0.019 -2"><span class='ocrx_word' id='word_1_29' title='bbox 367 457 429 475; x_wconf 79' lang='lat' dir='ltr'>rum</span> <span class='ocrx_word' id='word_1_30' title='bbox 460 445 522 473; x_wconf 77' lang='lat' dir='ltr'>MS.</span> <span class='ocrx_word' id='word_1_31' title='bbox 541 439 686 477; x_wconf 75' lang='lat' dir='ltr'>Qlorum</span> <span class='ocrx_word' id='word_1_32' title='bbox 709 433 721 477; x_wconf 82' lang='lat'>(</span> <span class='ocrx_word' id='word_1_33' title='bbox 743 433 761 466; x_wconf 88' lang='lat' dir='ltr'>i.</span> <span class='ocrx_word' id='word_1_34' title='bbox 780 428 943 472; x_wconf 82' lang='lat' dir='ltr'>Danorum)</span> <span class='ocrx_word' id='word_1_35' title='bbox 962 428 1106 462; x_wconf 74' lang='lat' dir='ltr'>adventus</span> 
     </span>
     <span class='ocr_line' id='line_1_9' title="bbox 364 477 1107 536; baseline -0.022 -12"><span class='ocrx_word' id='word_1_36' title='bbox 364 491 478 536; x_wconf 77' lang='lat' dir='ltr'>primus</span> <span class='ocrx_word' id='word_1_37' title='bbox 493 490 523 520; x_wconf 60' lang='grc' dir='ltr'><em>ἃ</em></span> <span class='ocrx_word' id='word_1_38' title='bbox 553 496 618 519; x_wconf 74' lang='lat' dir='ltr'>mm</span> <span class='ocrx_word' id='word_1_39' title='bbox 637 481 808 517; x_wconf 81' lang='lat' dir='ltr'>temerarius</span> <span class='ocrx_word' id='word_1_40' title='bbox 831 477 998 525; x_wconf 87' lang='lat' dir='ltr'>postquam</span> <span class='ocrx_word' id='word_1_41' title='bbox 1009 480 1107 520; x_wconf 78' lang='lat' dir='ltr'>offano</span> 
     </span>
     <span class='ocr_line' id='line_1_10' title="bbox 369 525 1108 583; baseline -0.02 -12"><span class='ocrx_word' id='word_1_42' title='bbox 369 537 451 583; x_wconf 84' lang='lat' dir='ltr'>Regi</span> <span class='ocrx_word' id='word_1_43' title='bbox 468 534 609 568; x_wconf 83' lang='lat' dir='ltr'>innotuit:</span> <span class='ocrx_word' id='word_1_44' title='bbox 628 528 712 565; x_wconf 86' lang='lat' dir='ltr'>missa</span> <span class='ocrx_word' id='word_1_45' title='bbox 726 527 927 573; x_wconf 79' lang='lat' dir='ltr'><strong>expeditione,</strong></span> <span class='ocrx_word' id='word_1_46' title='bbox 947 537 1008 558; x_wconf 89' lang='lat' dir='ltr'>non</span> <span class='ocrx_word' id='word_1_47' title='bbox 1026 525 1108 559; x_wconf 88' lang='lat' dir='ltr'>enim</span> 
     </span>
     <span class='ocr_line' id='line_1_11' title="bbox 369 573 1110 632; baseline -0.02 -13"><span class='ocrx_word' id='word_1_48' title='bbox 369 597 425 632; x_wconf 85' lang='lat' dir='ltr'>pro</span> <span class='ocrx_word' id='word_1_49' title='bbox 435 593 520 617; x_wconf 74' lang='lat' dir='ltr'>tanto</span> <span class='ocrx_word' id='word_1_50' title='bbox 534 580 647 627; x_wconf 89' lang='lat' dir='ltr'>populo</span> <span class='ocrx_word' id='word_1_51' title='bbox 660 576 842 623; x_wconf 85' lang='lat' dir='ltr'>dignabatur</span> <span class='ocrx_word' id='word_1_52' title='bbox 851 573 1017 608; x_wconf 86' lang='lat' dir='ltr'>exercitum</span> <span class='ocrx_word' id='word_1_53' title='bbox 1031 573 1110 619; x_wconf 92' lang='lat' dir='ltr'>pub-</span> 
     </span>
     <span class='ocr_line' id='line_1_12' title="bbox 368 621 1110 670; baseline -0.018 -3"><span class='ocrx_word' id='word_1_54' title='bbox 368 625 463 667; x_wconf 57' lang='lat' dir='ltr'>iicum</span> <span class='ocrx_word' id='word_1_55' title='bbox 481 639 667 666; x_wconf 86' lang='lat' dir='ltr'>convocare,</span> <span class='ocrx_word' id='word_1_56' title='bbox 685 636 792 658; x_wconf 88' lang='lat' dir='ltr'>eorum</span> <span class='ocrx_word' id='word_1_57' title='bbox 825 632 964 670; x_wconf 88' lang='lat' dir='ltr'>potenter</span> <span class='ocrx_word' id='word_1_58' title='bbox 976 621 1110 668; x_wconf 81' lang='lat' dir='ltr'>repreffit</span> 
     </span>
     <span class='ocr_line' id='line_1_13' title="bbox 373 672 1109 724; baseline -0.015 -10"><span class='ocrx_word' id='word_1_59' title='bbox 373 678 588 724; x_wconf 77' lang='lat' dir='ltr'>arrogantiam,</span> <span class='ocrx_word' id='word_1_60' title='bbox 607 677 638 708; x_wconf 59' lang='grc' dir='ltr'>ὃς</span> <span class='ocrx_word' id='word_1_61' title='bbox 649 672 797 719; x_wconf 80' lang='lat' dir='ltr'>diffipatos</span> <span class='ocrx_word' id='word_1_62' title='bbox 809 675 841 706; x_wconf 78' lang='grc' dir='ltr'>ὃ(</span> <span class='ocrx_word' id='word_1_63' title='bbox 853 683 967 718; x_wconf 80' lang='lat' dir='ltr'>magna</span> <span class='ocrx_word' id='word_1_64' title='bbox 974 683 1013 704; x_wconf 80' lang='lat' dir='ltr'>ex</span> <span class='ocrx_word' id='word_1_65' title='bbox 1023 680 1109 717; x_wconf 86' lang='lat' dir='ltr'>parte</span> 
     </span>
     <span class='ocr_line' id='line_1_14' title="bbox 373 720 1110 766; baseline -0.011 -6"><span class='ocrx_word' id='word_1_66' title='bbox 373 728 536 761; x_wconf 87' lang='lat' dir='ltr'>diminutos</span> <span class='ocrx_word' id='word_1_67' title='bbox 562 722 601 757; x_wconf 88' lang='lat' dir='ltr'>ad</span> <span class='ocrx_word' id='word_1_68' title='bbox 627 733 718 755; x_wconf 86' lang='lat' dir='ltr'>naves</span> <span class='ocrx_word' id='word_1_69' title='bbox 735 720 798 755; x_wconf 87' lang='lat' dir='ltr'>suas</span> <span class='ocrx_word' id='word_1_70' title='bbox 815 720 943 766; x_wconf 85' lang='lat' dir='ltr'>turpiter</span> <span class='ocrx_word' id='word_1_71' title='bbox 961 729 1110 753; x_wconf 88' lang='lat' dir='ltr'>revertere</span> 
     </span>
     <span class='ocr_line' id='line_1_15' title="bbox 371 767 1112 819; baseline -0.012 -10"><span class='ocrx_word' id='word_1_72' title='bbox 371 774 479 819; x_wconf 77' lang='lat' dir='ltr'>coegit.</span> <span class='ocrx_word' id='word_1_73' title='bbox 503 774 673 806; x_wconf 77' lang='lat' dir='ltr'><em>Theodericus</em></span> <span class='ocrx_word' id='word_1_74' title='bbox 685 780 788 803; x_wconf 86' lang='lat' dir='ltr'>autem</span> <span class='ocrx_word' id='word_1_75' title='bbox 802 770 872 803; x_wconf 83' lang='lat' dir='ltr'>Rex</span> <span class='ocrx_word' id='word_1_76' title='bbox 887 770 1044 809; x_wconf 74' lang='lat' dir='ltr'><em>Gothorum,</em></span> <span class='ocrx_word' id='word_1_77' title='bbox 1059 767 1112 801; x_wconf 78' lang='lat' dir='ltr'>ali-</span> 
     </span>
     <span class='ocr_line' id='line_1_16' title="bbox 374 817 1114 866; baseline -0.011 -10"><span class='ocrx_word' id='word_1_78' title='bbox 374 834 426 856; x_wconf 86' lang='lat' dir='ltr'>am</span> <span class='ocrx_word' id='word_1_79' title='bbox 456 819 518 854; x_wconf 90' lang='lat' dir='ltr'>edit</span> <span class='ocrx_word' id='word_1_80' title='bbox 550 818 798 866; x_wconf 85' lang='lat' dir='ltr'>fignificationem</span> <span class='ocrx_word' id='word_1_81' title='bbox 821 817 902 863; x_wconf 84' lang='lat' dir='ltr'>apud</span> <span class='ocrx_word' id='word_1_82' title='bbox 928 819 1114 861; x_wconf 76' lang='lat' dir='ltr'>Caffiodormn,</span> 
     </span>
     <span class='ocr_line' id='line_1_17' title="bbox 371 868 1114 914; baseline -0.009 -10"><span class='ocrx_word' id='word_1_83' title='bbox 371 870 421 905; x_wconf 72' lang='lat' dir='ltr'>lib.</span> <span class='ocrx_word' id='word_1_84' title='bbox 445 883 472 903; x_wconf 88' lang='lat'>1.</span> <span class='ocrx_word' id='word_1_85' title='bbox 494 881 556 914; x_wconf 78' lang='lat' dir='ltr'>cap.</span> <span class='ocrx_word' id='word_1_86' title='bbox 584 880 636 913; x_wconf 88' lang='lat'>17.</span> <span class='ocrx_word' id='word_1_87' title='bbox 671 872 774 900; x_wconf 82' lang='lat' dir='ltr'>Merito</span> <span class='ocrx_word' id='word_1_88' title='bbox 798 868 1006 911; x_wconf 75' lang='lat' dir='ltr'><em>Expeditionem</em></span> <span class='ocrx_word' id='word_1_89' title='bbox 1028 870 1114 897; x_wconf 81' lang='lat' dir='ltr'>nomi-</span> 
     </span>
     <span class='ocr_line' id='line_1_18' title="bbox 369 916 1114 961; baseline -0.009 -9"><span class='ocrx_word' id='word_1_90' title='bbox 369 932 469 952; x_wconf 75' lang='lat' dir='ltr'>navere</span> <span class='ocrx_word' id='word_1_91' title='bbox 487 922 605 961; x_wconf 67' lang='lat' dir='ltr'>Majmes</span> <span class='ocrx_word' id='word_1_92' title='bbox 619 932 626 948; x_wconf 94' lang='lat'>.·</span> <span class='ocrx_word' id='word_1_93' title='bbox 650 922 715 961; x_wconf 80' lang='lat' dir='ltr'>quia</span> <span class='ocrx_word' id='word_1_94' title='bbox 732 929 804 948; x_wconf 85' lang='lat' dir='ltr'>mens</span> <span class='ocrx_word' id='word_1_95' title='bbox 821 917 914 947; x_wconf 83' lang='lat' dir='ltr'>devota</span> <span class='ocrx_word' id='word_1_96' title='bbox 925 916 1034 960; x_wconf 56' lang='lat' dir='ltr'>praeliti,</span> <span class='ocrx_word' id='word_1_97' title='bbox 1062 926 1114 946; x_wconf 83' lang='lat' dir='ltr'>non</span> 
     </span>
     <span class='ocr_line' id='line_1_19' title="bbox 375 965 895 1010; baseline -0.008 -10"><span class='ocrx_word' id='word_1_98' title='bbox 375 968 452 1000; x_wconf 79' lang='lat' dir='ltr'>debet</span> <span class='ocrx_word' id='word_1_99' title='bbox 470 970 537 1000; x_wconf 79' lang='lat' dir='ltr'>aliis</span> <span class='ocrx_word' id='word_1_100' title='bbox 554 965 755 1010; x_wconf 60' lang='lat' dir='ltr'>cogitationibus·</span> <span class='ocrx_word' id='word_1_101' title='bbox 769 970 895 1009; x_wconf 81' lang='lat' dir='ltr'>occupari.</span> 
     </span>
    </p>

    <p class='ocr_par' dir='ltr' id='par_1_6' title="bbox 374 1009 1116 1194">
     <span class='ocr_line' id='line_1_20' title="bbox 425 1009 1116 1060; baseline -0.016 -7"><span class='ocrx_word' id='word_1_102' title='bbox 425 1011 449 1060; x_wconf 60' lang='grc' dir='ltr'><strong>ς</strong></span> <span class='ocrx_word' id='word_1_103' title='bbox 468 1011 720 1060; x_wconf 72' lang='lat' dir='ltr'>Explacitare.]</span> <span class='ocrx_word' id='word_1_104' title='bbox 746 1012 850 1046; x_wconf 72' lang='lat' dir='ltr'>Litem</span> <span class='ocrx_word' id='word_1_105' title='bbox 863 1011 1008 1051; x_wconf 69' lang='lat' dir='ltr'>obtinere,</span> <span class='ocrx_word' id='word_1_106' title='bbox 1025 1009 1116 1056; x_wconf 77' lang='lat' dir='ltr'>placi-</span> 
     </span>
     <span class='ocr_line' id='line_1_21' title="bbox 375 1056 1115 1105; baseline -0.009 -8"><span class='ocrx_word' id='word_1_107' title='bbox 375 1062 468 1097; x_wconf 80' lang='lat' dir='ltr'>tando</span> <span class='ocrx_word' id='word_1_108' title='bbox 501 1063 646 1096; x_wconf 79' lang='lat' dir='ltr'>evincere.</span> <span class='ocrx_word' id='word_1_109' title='bbox 669 1060 829 1095; x_wconf 86' lang='lat' dir='ltr'>Malmesb.</span> <span class='ocrx_word' id='word_1_110' title='bbox 860 1059 897 1093; x_wconf 92' lang='lat' dir='ltr'>de</span> <span class='ocrx_word' id='word_1_111' title='bbox 915 1056 1115 1105; x_wconf 88' lang='lat' dir='ltr'>Regg.Gest.</span> 
     </span>
     <span class='ocr_line' id='line_1_22' title="bbox 374 1106 1116 1158; baseline -0.008 -13"><span class='ocrx_word' id='word_1_112' title='bbox 374 1112 423 1145; x_wconf 88' lang='lat' dir='ltr'>lib.</span> <span class='ocrx_word' id='word_1_113' title='bbox 437 1124 468 1145; x_wconf 86' lang='lat'>2.</span> <span class='ocrx_word' id='word_1_114' title='bbox 489 1123 533 1145; x_wconf 85' lang='lat' dir='ltr'>ca.</span> <span class='ocrx_word' id='word_1_115' title='bbox 561 1123 614 1158; x_wconf 85' lang='lat'>13.</span> <span class='ocrx_word' id='word_1_116' title='bbox 651 1111 684 1144; x_wconf 83' lang='lat' dir='ltr'>Iu</span> <span class='ocrx_word' id='word_1_117' title='bbox 721 1110 809 1143; x_wconf 84' lang='lat' dir='ltr'>variis</span> <span class='ocrx_word' id='word_1_118' title='bbox 827 1106 947 1143; x_wconf 87' lang='lat' dir='ltr'>formul.</span> <span class='ocrx_word' id='word_1_119' title='bbox 981 1111 1116 1152; x_wconf 78' lang='lat' dir='ltr'>elitzgare,</span> 
     </span>
     <span class='ocr_line' id='line_1_23' title="bbox 375 1158 662 1194; baseline -0.007 0"><span class='ocrx_word' id='word_1_120' title='bbox 375 1158 532 1194; x_wconf 82' lang='lat' dir='ltr'>Marculfo</span> <span class='ocrx_word' id='word_1_121' title='bbox 542 1162 662 1193; x_wconf 78' lang='lat' dir='ltr'>elidiare.</span> 
     </span>
    </p>

    <p class='ocr_par' dir='ltr' id='par_1_7' title="bbox 377 1202 1120 1291">
     <span class='ocr_line' id='line_1_24' title="bbox 422 1202 1117 1254; baseline -0.012 -10"><span class='ocrx_word' id='word_1_122' title='bbox 422 1205 723 1254; x_wconf 59' lang='lat' dir='ltr'>{Explestamenta-</span> <span class='ocrx_word' id='word_1_123' title='bbox 737 1204 754 1250; x_wconf 95' lang='lat'>]</span> <span class='ocrx_word' id='word_1_124' title='bbox 792 1204 978 1239; x_wconf 89' lang='lat' dir='ltr'>Constitutio</span> <span class='ocrx_word' id='word_1_125' title='bbox 1008 1202 1117 1249; x_wconf 80' lang='lat' dir='ltr'>Philip.</span> 
     </span>
     <span class='ocr_line' id='line_1_25' title="bbox 377 1251 1120 1291; baseline -0.009 0"><span class='ocrx_word' id='word_1_126' title='bbox 377 1258 416 1291; x_wconf 91' lang='lat' dir='ltr'>R.</span> <span class='ocrx_word' id='word_1_127' title='bbox 428 1258 516 1290; x_wconf 85' lang='lat' dir='ltr'>Fran.</span> <span class='ocrx_word' id='word_1_128' title='bbox 533 1257 609 1289; x_wconf 86' lang='lat' dir='ltr'>inter</span> <span class='ocrx_word' id='word_1_129' title='bbox 627 1255 760 1289; x_wconf 80' lang='lat' dir='ltr'>Gnidon.</span> <span class='ocrx_word' id='word_1_130' title='bbox 773 1253 810 1288; x_wconf 91' lang='lat' dir='ltr'>de</span> <span class='ocrx_word' id='word_1_131' title='bbox 828 1254 938 1287; x_wconf 75' lang='lat' dir='ltr'>Britan.</span> <span class='ocrx_word' id='word_1_132' title='bbox 964 1255 995 1285; x_wconf 88' lang='lat'>&amp;</span> <span class='ocrx_word' id='word_1_133' title='bbox 1015 1251 1120 1285; x_wconf 74' lang='lat' dir='ltr'>Ilabel-</span> 
     </span>
    </p>
   </div>
   <div class='ocr_carea' id='block_1_6' title="bbox 147 1299 1119 1348">
    <p class='ocr_par' dir='ltr' id='par_1_8' title="bbox 147 1299 1119 1348">
     <span class='ocr_line' id='line_1_26' title="bbox 147 1299 1119 1348; baseline -0.008 -8"><span class='ocrx_word' id='word_1_134' title='bbox 147 1300 439 1340; x_wconf 60' lang='lat' dir='ltr'>Hi¹²s=13²&#39;&lt;&#39;-¹5J-1V·lam</span> <span class='ocrx_word' id='word_1_135' title='bbox 456 1303 611 1338; x_wconf 67' lang='lat' dir='ltr'>Ducissam</span> <span class='ocrx_word' id='word_1_136' title='bbox 630 1304 740 1338; x_wconf 85' lang='lat' dir='ltr'>Britan.</span> <span class='ocrx_word' id='word_1_137' title='bbox 753 1305 811 1336; x_wconf 89' lang='lat' dir='ltr'>An.</span> <span class='ocrx_word' id='word_1_138' title='bbox 834 1314 899 1348; x_wconf 84' lang='lat'>131</span> <span class='ocrx_word' id='word_1_139' title='bbox 910 1314 941 1346; x_wconf 91' lang='lat'>7.</span> <span class='ocrx_word' id='word_1_140' title='bbox 955 1306 1025 1333; x_wconf 77' lang='lat' dir='ltr'>Item</span> <span class='ocrx_word' id='word_1_141' title='bbox 1045 1303 1055 1340; x_wconf 88' lang='lat'><em>(</em></span> <span class='ocrx_word' id='word_1_142' title='bbox 1068 1299 1119 1333; x_wconf 85' lang='lat' dir='ltr'>de-</span> 
     </span>
    </p>
   </div>
   <div class='ocr_carea' id='block_1_7' title="bbox 150 1348 267 1379">
    <p class='ocr_par' dir='ltr' id='par_1_9' title="bbox 150 1348 267 1379">
     <span class='ocr_line' id='line_1_27' title="bbox 150 1348 267 1379; baseline 0.017 -11"><span class='ocrx_word' id='word_1_143' title='bbox 150 1348 177 1376; x_wconf 76' lang='lat'>4.</span> <span class='ocrx_word' id='word_1_144' title='bbox 187 1350 209 1370; x_wconf 85' lang='lat' dir='ltr'>c.</span> <span class='ocrx_word' id='word_1_145' title='bbox 223 1350 267 1379; x_wconf 79' lang='lat'>34.</span> 
     </span>
    </p>
   </div>
   <div class='ocr_carea' id='block_1_8' title="bbox 354 1349 1136 3419">
    <p class='ocr_par' dir='ltr' id='par_1_10' title="bbox 380 1349 1122 1540">
     <span class='ocr_line' id='line_1_28' title="bbox 380 1349 1120 1398; baseline -0.008 -11"><span class='ocrx_word' id='word_1_146' title='bbox 380 1354 425 1388; x_wconf 88' lang='lat' dir='ltr'>dit</span> <span class='ocrx_word' id='word_1_147' title='bbox 441 1356 473 1386; x_wconf 78' lang='grc' dir='ltr'>ὃ(</span> <span class='ocrx_word' id='word_1_148' title='bbox 481 1350 651 1398; x_wconf 81' lang='lat' dir='ltr'>affignavit)</span> <span class='ocrx_word' id='word_1_149' title='bbox 669 1355 762 1384; x_wconf 85' lang='lat' dir='ltr'>villam</span> <span class='ocrx_word' id='word_1_150' title='bbox 773 1353 936 1394; x_wconf 46' lang='lat' dir='ltr'>Bezgefiam,</span> <span class='ocrx_word' id='word_1_151' title='bbox 946 1351 1052 1389; x_wconf 50' lang='lat' dir='ltr'>firman,</span> <span class='ocrx_word' id='word_1_152' title='bbox 1063 1349 1120 1381; x_wconf 82' lang='lat' dir='ltr'>bla-</span> 
     </span>
     <span class='ocr_line' id='line_1_29' title="bbox 382 1397 1121 1445; baseline -0.009 -10"><span class='ocrx_word' id='word_1_153' title='bbox 382 1405 428 1442; x_wconf 68' lang='lat' dir='ltr'>dtr,</span> <span class='ocrx_word' id='word_1_154' title='bbox 439 1403 812 1445; x_wconf 67' lang='lat' dir='ltr'>molendina,exple3amenta</span> <span class='ocrx_word' id='word_1_155' title='bbox 827 1397 862 1432; x_wconf 60' lang='grc' dir='ltr'>ὅ</span> <span class='ocrx_word' id='word_1_156' title='bbox 872 1401 929 1430; x_wconf 82' lang='lat' dir='ltr'>alia</span> <span class='ocrx_word' id='word_1_157' title='bbox 942 1399 1121 1430; x_wconf 79' lang='lat' dir='ltr'>emolumenta</span> 
     </span>
     <span class='ocr_line' id='line_1_30' title="bbox 382 1442 1122 1493; baseline -0.008 -10"><span class='ocrx_word' id='word_1_158' title='bbox 382 1455 450 1483; x_wconf 58' lang='lat' dir='ltr'>vill-t·</span> <span class='ocrx_word' id='word_1_159' title='bbox 467 1453 499 1482; x_wconf 80' lang='lat' dir='ltr'>de</span> <span class='ocrx_word' id='word_1_160' title='bbox 512 1455 686 1493; x_wconf 74' lang='lat' dir='ltr'>Gm&#39;ucampo.</span> <span class='ocrx_word' id='word_1_161' title='bbox 710 1450 759 1480; x_wconf 92' lang='lat' dir='ltr'>An</span> <span class='ocrx_word' id='word_1_162' title='bbox 778 1459 840 1480; x_wconf 87' lang='lat' dir='ltr'>non</span> <span class='ocrx_word' id='word_1_163' title='bbox 857 1446 922 1480; x_wconf 84' lang='lat' dir='ltr'>haec</span> <span class='ocrx_word' id='word_1_164' title='bbox 939 1457 1008 1491; x_wconf 88' lang='lat' dir='ltr'>quae</span> <span class='ocrx_word' id='word_1_165' title='bbox 1022 1442 1122 1479; x_wconf 83' lang='lat' dir='ltr'>foren-</span> 
     </span>
     <span class='ocr_line' id='line_1_31' title="bbox 380 1494 1000 1540; baseline -0.011 -8"><span class='ocrx_word' id='word_1_166' title='bbox 380 1497 457 1533; x_wconf 73' lang='lat' dir='ltr'>sibus</span> <span class='ocrx_word' id='word_1_167' title='bbox 481 1496 587 1531; x_wconf 84' lang='lat' dir='ltr'>nostris</span> <span class='ocrx_word' id='word_1_168' title='bbox 602 1499 715 1540; x_wconf 87' lang='lat' dir='ltr'>Esplees,</span> <span class='ocrx_word' id='word_1_169' title='bbox 737 1494 818 1529; x_wconf 85' lang='lat' dir='ltr'>Gall.</span> <span class='ocrx_word' id='word_1_170' title='bbox 828 1497 968 1540; x_wconf 82' lang='lat' dir='ltr'>Exploites</span> <span class='ocrx_word' id='word_1_171' title='bbox 987 1500 1000 1524; x_wconf 85' lang='lat'><em>?</em></span> 
     </span>
    </p>

    <p class='ocr_par' dir='ltr' id='par_1_11' title="bbox 383 1540 1121 1629">
     <span class='ocr_line' id='line_1_32' title="bbox 431 1540 1121 1590; baseline -0.012 -9"><span class='ocrx_word' id='word_1_172' title='bbox 431 1543 454 1590; x_wconf 59' lang='lat' dir='ltr'><strong>ff</strong></span> <span class='ocrx_word' id='word_1_173' title='bbox 471 1541 689 1588; x_wconf 78' lang='lat' dir='ltr'>Exsurdare.]</span> <span class='ocrx_word' id='word_1_174' title='bbox 707 1541 838 1576; x_wconf 86' lang='lat' dir='ltr'>Surdum</span> <span class='ocrx_word' id='word_1_175' title='bbox 854 1540 961 1576; x_wconf 87' lang='lat' dir='ltr'>facere.</span> <span class='ocrx_word' id='word_1_176' title='bbox 992 1541 1041 1574; x_wconf 84' lang='lat' dir='ltr'>Sic</span> <span class='ocrx_word' id='word_1_177' title='bbox 1053 1540 1121 1587; x_wconf 87' lang='lat' dir='ltr'>lege</span> 
     </span>
     <span class='ocr_line' id='line_1_33' title="bbox 383 1592 632 1629; baseline -0.016 0"><span class='ocrx_word' id='word_1_178' title='bbox 383 1594 502 1629; x_wconf 82' lang='lat' dir='ltr'>Alman.</span> <span class='ocrx_word' id='word_1_179' title='bbox 517 1592 586 1626; x_wconf 89' lang='lat' dir='ltr'>Tit.</span> <span class='ocrx_word' id='word_1_180' title='bbox 600 1593 632 1625; x_wconf 90' lang='lat'>6.</span> 
     </span>
    </p>

    <p class='ocr_par' dir='ltr' id='par_1_12' title="bbox 383 1635 1128 1929">
     <span class='ocr_line' id='line_1_34' title="bbox 432 1635 1123 1687; baseline -0.014 -8"><span class='ocrx_word' id='word_1_181' title='bbox 432 1638 642 1687; x_wconf 59' lang='lat' dir='ltr'>fffixtalium.</span> <span class='ocrx_word' id='word_1_182' title='bbox 662 1637 680 1684; x_wconf 93' lang='lat'>]</span> <span class='ocrx_word' id='word_1_183' title='bbox 717 1637 879 1673; x_wconf 83' lang='lat' dir='ltr'>Constitut.</span> <span class='ocrx_word' id='word_1_184' title='bbox 897 1636 986 1671; x_wconf 83' lang='lat' dir='ltr'>Sicul.</span> <span class='ocrx_word' id='word_1_185' title='bbox 1007 1635 1076 1670; x_wconf 81' lang='lat' dir='ltr'>Lib.</span> <span class='ocrx_word' id='word_1_186' title='bbox 1094 1648 1123 1670; x_wconf 91' lang='lat'>1.</span> 
     </span>
     <span class='ocr_line' id='line_1_35' title="bbox 383 1688 1124 1732; baseline -0.012 -7"><span class='ocrx_word' id='word_1_187' title='bbox 383 1690 452 1725; x_wconf 82' lang='lat' dir='ltr'>Tit.</span> <span class='ocrx_word' id='word_1_188' title='bbox 469 1691 529 1724; x_wconf 86' lang='lat'>61.</span> <span class='ocrx_word' id='word_1_189' title='bbox 552 1695 680 1722; x_wconf 77' lang='lat' dir='ltr'><em>Locorum</em></span> <span class='ocrx_word' id='word_1_190' title='bbox 696 1689 777 1731; x_wconf 68' lang='lat' dir='ltr'>bajuli</span> <span class='ocrx_word' id='word_1_191' title='bbox 795 1693 841 1732; x_wconf 75' lang='lat' dir='ltr'>qui</span> <span class='ocrx_word' id='word_1_192' title='bbox 853 1688 871 1719; x_wconf 74' lang='grc' dir='ltr'>ιὶ</span> <span class='ocrx_word' id='word_1_193' title='bbox 884 1688 1019 1731; x_wconf 72' lang='lat' dir='ltr'>magistris</span> <span class='ocrx_word' id='word_1_194' title='bbox 1036 1698 1124 1717; x_wconf 83' lang='lat' dir='ltr'>came-</span> 
     </span>
     <span class='ocr_line' id='line_1_36' title="bbox 387 1735 1125 1781; baseline -0.011 -9"><span class='ocrx_word' id='word_1_195' title='bbox 387 1744 481 1780; x_wconf 81' lang='lat' dir='ltr'>rariis,</span> <span class='ocrx_word' id='word_1_196' title='bbox 502 1737 537 1773; x_wconf 83' lang='lat'><em>&amp;</em></span> <span class='ocrx_word' id='word_1_197' title='bbox 552 1738 568 1770; x_wconf 74' lang='lat' dir='ltr'>ti</span> <span class='ocrx_word' id='word_1_198' title='bbox 582 1743 657 1769; x_wconf 84' lang='lat' dir='ltr'>curia</span> <span class='ocrx_word' id='word_1_199' title='bbox 679 1739 765 1779; x_wconf 71' lang='lat' dir='ltr'>nostra</span> <span class='ocrx_word' id='word_1_200' title='bbox 789 1748 941 1781; x_wconf 73' lang='lat' dir='ltr'><em>quanquam</em></span> <span class='ocrx_word' id='word_1_201' title='bbox 973 1739 1002 1766; x_wconf 79' lang='lat' dir='ltr'>in</span> <span class='ocrx_word' id='word_1_202' title='bbox 1019 1735 1125 1765; x_wconf 84' lang='lat' dir='ltr'>creden-</span> 
     </span>
     <span class='ocr_line' id='line_1_37' title="bbox 385 1785 1125 1827; baseline -0.008 -7"><span class='ocrx_word' id='word_1_203' title='bbox 385 1794 455 1820; x_wconf 79' lang='lat' dir='ltr'>tiam</span> <span class='ocrx_word' id='word_1_204' title='bbox 463 1790 507 1819; x_wconf 78' lang='lat' dir='ltr'>vel</span> <span class='ocrx_word' id='word_1_205' title='bbox 523 1792 552 1819; x_wconf 83' lang='lat' dir='ltr'>in</span> <span class='ocrx_word' id='word_1_206' title='bbox 575 1788 709 1818; x_wconf 79' lang='lat' dir='ltr'>extalmm</span> <span class='ocrx_word' id='word_1_207' title='bbox 734 1785 921 1827; x_wconf 71' lang='lat' dir='ltr'>bajulationem</span> <span class='ocrx_word' id='word_1_208' title='bbox 952 1788 1125 1827; x_wconf 83' lang='lat' dir='ltr'>recipiuntur,</span> 
     </span>
     <span class='ocr_line' id='line_1_38' title="bbox 386 1832 1128 1876; baseline -0.009 -7"><span class='ocrx_word' id='word_1_209' title='bbox 386 1835 443 1870; x_wconf 61' lang='lat' dir='ltr'>&amp;a</span> <span class='ocrx_word' id='word_1_210' title='bbox 467 1836 508 1868; x_wconf 89' lang='lat' dir='ltr'>Et</span> <span class='ocrx_word' id='word_1_211' title='bbox 523 1834 590 1868; x_wconf 84' lang='lat' dir='ltr'>Tit.</span> <span class='ocrx_word' id='word_1_212' title='bbox 601 1834 657 1867; x_wconf 83' lang='lat'>68.</span> <span class='ocrx_word' id='word_1_213' title='bbox 680 1832 864 1876; x_wconf 74' lang='lat' dir='ltr'>Basttlatimes</span> <span class='ocrx_word' id='word_1_214' title='bbox 881 1845 970 1864; x_wconf 80' lang='lat' dir='ltr'>omnes</span> <span class='ocrx_word' id='word_1_215' title='bbox 1070 1832 1128 1870; x_wconf 83' lang='lat' dir='ltr'>Kal</span> 
     </span>
     <span class='ocr_line' id='line_1_39' title="bbox 385 1882 1125 1929; baseline -0.008 -12"><span class='ocrx_word' id='word_1_216' title='bbox 385 1884 514 1929; x_wconf 82' lang='lat' dir='ltr'><em>Septemb.</em></span> <span class='ocrx_word' id='word_1_217' title='bbox 531 1884 652 1916; x_wconf 72' lang='lat' dir='ltr'>inchoan·</span> <span class='ocrx_word' id='word_1_218' title='bbox 671 1886 850 1926; x_wconf 56' lang='lat' dir='ltr'>precipimus,</span> <span class='ocrx_word' id='word_1_219' title='bbox 859 1882 917 1922; x_wconf 81' lang='lat' dir='ltr'>sive</span> <span class='ocrx_word' id='word_1_220' title='bbox 934 1886 966 1914; x_wconf 83' lang='lat' dir='ltr'>in</span> <span class='ocrx_word' id='word_1_221' title='bbox 982 1882 1125 1913; x_wconf 82' lang='lat' dir='ltr'>extalium.</span> 
     </span>
    </p>

    <p class='ocr_par' dir='ltr' id='par_1_13' title="bbox 354 1933 841 1973">
     <span class='ocr_line' id='line_1_40' title="bbox 354 1933 841 1973; baseline -0.008 -7"><span class='ocrx_word' id='word_1_222' title='bbox 354 1944 358 1949; x_wconf 89' lang='lat'>&#39;</span> <span class='ocrx_word' id='word_1_223' title='bbox 378 1935 438 1973; x_wconf 84' lang='lat' dir='ltr'>five</span> <span class='ocrx_word' id='word_1_224' title='bbox 455 1934 492 1964; x_wconf 85' lang='lat' dir='ltr'>ad</span> <span class='ocrx_word' id='word_1_225' title='bbox 502 1933 667 1964; x_wconf 74' lang='lat' dir='ltr'>credentiam</span> <span class='ocrx_word' id='word_1_226' title='bbox 686 1933 841 1963; x_wconf 84' lang='lat' dir='ltr'>collocentur.</span> 
     </span>
    </p>

    <p class='ocr_par' dir='ltr' id='par_1_14' title="bbox 390 1974 1132 2695">
     <span class='ocr_line' id='line_1_41' title="bbox 438 1974 1128 2024; baseline -0.014 -7"><span class='ocrx_word' id='word_1_227' title='bbox 438 1975 763 2024; x_wconf 55' lang='lat' dir='ltr'>{Extrafamiliatwa</span> <span class='ocrx_word' id='word_1_228' title='bbox 780 1976 797 2021; x_wconf 94' lang='lat'>]</span> <span class='ocrx_word' id='word_1_229' title='bbox 832 1975 898 2017; x_wconf 83' lang='lat' dir='ltr'>Qui</span> <span class='ocrx_word' id='word_1_230' title='bbox 921 1975 963 2009; x_wconf 84' lang='lat' dir='ltr'>sui</span> <span class='ocrx_word' id='word_1_231' title='bbox 994 1975 1028 2008; x_wconf 87' lang='lat' dir='ltr'>fit</span> <span class='ocrx_word' id='word_1_232' title='bbox 1043 1974 1128 2020; x_wconf 63' lang='lat' dir='ltr'>juris,</span> 
     </span>
     <span class='ocr_line' id='line_1_42' title="bbox 390 2020 1128 2071; baseline -0.008 -10"><span class='ocrx_word' id='word_1_233' title='bbox 390 2037 477 2061; x_wconf 82' lang='lat' dir='ltr'>extra</span> <span class='ocrx_word' id='word_1_234' title='bbox 484 2027 573 2071; x_wconf 86' lang='lat' dir='ltr'>patris</span> <span class='ocrx_word' id='word_1_235' title='bbox 585 2025 733 2060; x_wconf 84' lang='lat' dir='ltr'>familiam</span> <span class='ocrx_word' id='word_1_236' title='bbox 742 2024 853 2071; x_wconf 76' lang='lat' dir='ltr'>positus</span> <span class='ocrx_word' id='word_1_237' title='bbox 872 2039 880 2055; x_wconf 85' lang='grc'>.·</span> <span class='ocrx_word' id='word_1_238' title='bbox 908 2023 988 2069; x_wconf 86' lang='lat' dir='ltr'>prius</span> <span class='ocrx_word' id='word_1_239' title='bbox 1005 2020 1128 2056; x_wconf 78' lang='lat' dir='ltr'>familiae</span> 
     </span>
     <span class='ocr_line' id='line_1_43' title="bbox 392 2070 1129 2121; baseline -0.007 -12"><span class='ocrx_word' id='word_1_240' title='bbox 392 2086 470 2121; x_wconf 67' lang='lat' dir='ltr'>pam,</span> <span class='ocrx_word' id='word_1_241' title='bbox 481 2074 545 2120; x_wconf 85' lang='lat' dir='ltr'>jam</span> <span class='ocrx_word' id='word_1_242' title='bbox 555 2074 667 2120; x_wconf 83' lang='lat' dir='ltr'>reipub.</span> <span class='ocrx_word' id='word_1_243' title='bbox 683 2072 844 2107; x_wconf 89' lang='lat' dir='ltr'>Constitut.</span> <span class='ocrx_word' id='word_1_244' title='bbox 852 2071 984 2117; x_wconf 88' lang='lat' dir='ltr'>Philippi</span> <span class='ocrx_word' id='word_1_245' title='bbox 998 2070 1129 2117; x_wconf 87' lang='lat' dir='ltr'>Augusti</span> 
     </span>
     <span class='ocr_line' id='line_1_44' title="bbox 391 2121 1128 2169; baseline -0.007 -12"><span class='ocrx_word' id='word_1_246' title='bbox 391 2123 430 2157; x_wconf 82' lang='lat' dir='ltr'>de</span> <span class='ocrx_word' id='word_1_247' title='bbox 448 2123 570 2157; x_wconf 83' lang='lat' dir='ltr'>decimis</span> <span class='ocrx_word' id='word_1_248' title='bbox 588 2123 668 2169; x_wconf 91' lang='lat' dir='ltr'>apud</span> <span class='ocrx_word' id='word_1_249' title='bbox 687 2121 869 2169; x_wconf 87' lang='lat' dir='ltr'>Rigordum.</span> <span class='ocrx_word' id='word_1_250' title='bbox 909 2125 940 2154; x_wconf 80' lang='lat' dir='ltr'>Si</span> <span class='ocrx_word' id='word_1_251' title='bbox 951 2131 1041 2153; x_wconf 85' lang='lat' dir='ltr'>autem</span> <span class='ocrx_word' id='word_1_252' title='bbox 1053 2121 1128 2159; x_wconf 73' lang='lat' dir='ltr'>filius</span> 
     </span>
     <span class='ocr_line' id='line_1_45' title="bbox 393 2170 1129 2216; baseline -0.005 -11"><span class='ocrx_word' id='word_1_253' title='bbox 393 2186 482 2205; x_wconf 87' lang='lat' dir='ltr'>eorum</span> <span class='ocrx_word' id='word_1_254' title='bbox 497 2175 541 2204; x_wconf 85' lang='lat' dir='ltr'>vel</span> <span class='ocrx_word' id='word_1_255' title='bbox 547 2185 629 2216; x_wconf 84' lang='lat' dir='ltr'>gener</span> <span class='ocrx_word' id='word_1_256' title='bbox 642 2185 745 2204; x_wconf 87' lang='lat' dir='ltr'>crucem</span> <span class='ocrx_word' id='word_1_257' title='bbox 762 2170 859 2202; x_wconf 81' lang='lat' dir='ltr'>habens</span> <span class='ocrx_word' id='word_1_258' title='bbox 871 2194 882 2209; x_wconf 88' lang='lat'>,</span> <span class='ocrx_word' id='word_1_259' title='bbox 898 2171 979 2201; x_wconf 80' lang='lat' dir='ltr'>haeres</span> <span class='ocrx_word' id='word_1_260' title='bbox 995 2172 1129 2213; x_wconf 73' lang='lat' dir='ltr'>legitimus</span> 
     </span>
     <span class='ocr_line' id='line_1_46' title="bbox 393 2219 1131 2260; baseline -0.007 -8"><span class='ocrx_word' id='word_1_261' title='bbox 393 2223 625 2260; x_wconf 76' lang='lat' dir='ltr'>extrafamiliatm</span> <span class='ocrx_word' id='word_1_262' title='bbox 637 2222 737 2260; x_wconf 72' lang='lat' dir='ltr'>fiterio,</span> <span class='ocrx_word' id='word_1_263' title='bbox 755 2221 799 2250; x_wconf 75' lang='lat' dir='ltr'>vel</span> <span class='ocrx_word' id='word_1_264' title='bbox 814 2219 862 2258; x_wconf 72' lang='grc' dir='ltr'>εςΙῐ</span> <span class='ocrx_word' id='word_1_265' title='bbox 871 2219 947 2249; x_wconf 88' lang='lat' dir='ltr'>miles</span> <span class='ocrx_word' id='word_1_266' title='bbox 957 2229 1009 2249; x_wconf 81' lang='lat' dir='ltr'>non</span> <span class='ocrx_word' id='word_1_267' title='bbox 1029 2219 1131 2257; x_wconf 83' lang='lat' dir='ltr'>fuerit,</span> 
     </span>
     <span class='ocr_line' id='line_1_47' title="bbox 393 2265 1131 2311; baseline -0.007 -10"><span class='ocrx_word' id='word_1_268' title='bbox 393 2267 429 2301; x_wconf 80' lang='lat'><em>&amp;</em></span> <span class='ocrx_word' id='word_1_269' title='bbox 441 2281 543 2300; x_wconf 85' lang='lat' dir='ltr'>crucem</span> <span class='ocrx_word' id='word_1_270' title='bbox 560 2281 612 2300; x_wconf 77' lang='lat' dir='ltr'>non</span> <span class='ocrx_word' id='word_1_271' title='bbox 625 2267 733 2308; x_wconf 74' lang='lat' dir='ltr'>habeat,</span> <span class='ocrx_word' id='word_1_272' title='bbox 749 2278 799 2311; x_wconf 80' lang='lat' dir='ltr'>pro</span> <span class='ocrx_word' id='word_1_273' title='bbox 815 2279 843 2298; x_wconf 87' lang='lat' dir='ltr'>eo</span> <span class='ocrx_word' id='word_1_274' title='bbox 858 2265 997 2310; x_wconf 56' lang='lat' dir='ltr'>relfveflum</span> <span class='ocrx_word' id='word_1_275' title='bbox 1009 2277 1061 2296; x_wconf 83' lang='lat' dir='ltr'>non</span> <span class='ocrx_word' id='word_1_276' title='bbox 1081 2266 1131 2297; x_wconf 84' lang='lat' dir='ltr'>ha-</span> 
     </span>
     <span class='ocr_line' id='line_1_48' title="bbox 392 2312 1131 2360; baseline -0.005 -11"><span class='ocrx_word' id='word_1_277' title='bbox 392 2317 472 2351; x_wconf 76' lang='lat' dir='ltr'>bebit.</span> <span class='ocrx_word' id='word_1_278' title='bbox 495 2313 669 2349; x_wconf 87' lang='lat' dir='ltr'>Meminisse</span> <span class='ocrx_word' id='word_1_279' title='bbox 685 2313 805 2348; x_wconf 85' lang='lat' dir='ltr'>videtur</span> <span class='ocrx_word' id='word_1_280' title='bbox 834 2313 905 2346; x_wconf 84' lang='lat' dir='ltr'>ritus</span> <span class='ocrx_word' id='word_1_281' title='bbox 922 2312 1037 2360; x_wconf 82' lang='lat' dir='ltr'>antiqui</span> <span class='ocrx_word' id='word_1_282' title='bbox 1053 2313 1131 2346; x_wconf 89' lang='lat' dir='ltr'>Ger-</span> 
     </span>
     <span class='ocr_line' id='line_1_49' title="bbox 394 2361 1131 2410; baseline -0.004 -12"><span class='ocrx_word' id='word_1_283' title='bbox 394 2375 568 2405; x_wconf 84' lang='lat' dir='ltr'>manorum,</span> <span class='ocrx_word' id='word_1_284' title='bbox 584 2362 666 2410; x_wconf 82' lang='lat' dir='ltr'>cujus</span> <span class='ocrx_word' id='word_1_285' title='bbox 679 2366 710 2397; x_wconf 85' lang='lat'>&amp;</span> <span class='ocrx_word' id='word_1_286' title='bbox 729 2362 859 2396; x_wconf 86' lang='lat' dir='ltr'>Tactius</span> <span class='ocrx_word' id='word_1_287' title='bbox 874 2362 906 2394; x_wconf 91' lang='lat' dir='ltr'>in</span> <span class='ocrx_word' id='word_1_288' title='bbox 915 2373 1023 2396; x_wconf 88' lang='lat' dir='ltr'>eorum</span> <span class='ocrx_word' id='word_1_289' title='bbox 1040 2361 1131 2395; x_wconf 83' lang='lat' dir='ltr'>mori-</span> 
     </span>
     <span class='ocr_line' id='line_1_50' title="bbox 394 2409 1132 2453; baseline -0.004 -7"><span class='ocrx_word' id='word_1_290' title='bbox 394 2412 462 2453; x_wconf 90' lang='lat' dir='ltr'>bus,</span> <span class='ocrx_word' id='word_1_291' title='bbox 477 2412 515 2446; x_wconf 93' lang='lat' dir='ltr'>de</span> <span class='ocrx_word' id='word_1_292' title='bbox 533 2412 647 2446; x_wconf 84' lang='lat' dir='ltr'>militiae</span> <span class='ocrx_word' id='word_1_293' title='bbox 664 2410 837 2452; x_wconf 83' lang='lat' dir='ltr'>candidatis,</span> <span class='ocrx_word' id='word_1_294' title='bbox 850 2410 940 2444; x_wconf 85' lang='lat' dir='ltr'>armis</span> <span class='ocrx_word' id='word_1_295' title='bbox 956 2409 1132 2444; x_wconf 69' lang='lat' dir='ltr'>militaiibus</span> 
     </span>
     <span class='ocr_line' id='line_1_51' title="bbox 395 2460 1132 2507; baseline -0.004 -13"><span class='ocrx_word' id='word_1_296' title='bbox 395 2460 511 2494; x_wconf 82' lang='lat' dir='ltr'>donatiS</span> <span class='ocrx_word' id='word_1_297' title='bbox 522 2472 613 2507; x_wconf 86' lang='lat' dir='ltr'>agens</span> <span class='ocrx_word' id='word_1_298' title='bbox 626 2475 632 2494; x_wconf 75' lang='grc' dir='ltr'>ε</span> <span class='ocrx_word' id='word_1_299' title='bbox 675 2467 748 2493; x_wconf 82' lang='lat' dir='ltr'><em>Ante</em></span> <span class='ocrx_word' id='word_1_300' title='bbox 759 2462 806 2493; x_wconf 84' lang='lat' dir='ltr'>hoo</span> <span class='ocrx_word' id='word_1_301' title='bbox 824 2462 914 2494; x_wconf 81' lang='lat' dir='ltr'>domus</span> <span class='ocrx_word' id='word_1_302' title='bbox 921 2471 986 2505; x_wconf 86' lang='lat' dir='ltr'>pars</span> <span class='ocrx_word' id='word_1_303' title='bbox 996 2461 1132 2500; x_wconf 83' lang='lat' dir='ltr'>videntur,</span> 
     </span>
     <span class='ocr_line' id='line_1_52' title="bbox 395 2503 1131 2554; baseline -0.001 -13"><span class='ocrx_word' id='word_1_304' title='bbox 395 2523 464 2542; x_wconf 71' lang='lat' dir='ltr'>nunc</span> <span class='ocrx_word' id='word_1_305' title='bbox 482 2511 579 2554; x_wconf 72' lang='lat' dir='ltr'>reipub.</span> <span class='ocrx_word' id='word_1_306' title='bbox 587 2509 634 2542; x_wconf 86' lang='lat' dir='ltr'>Sic</span> <span class='ocrx_word' id='word_1_307' title='bbox 653 2512 684 2542; x_wconf 73' lang='grc' dir='ltr'>ὃς</span> <span class='ocrx_word' id='word_1_308' title='bbox 700 2507 782 2553; x_wconf 91' lang='lat' dir='ltr'>apud</span> <span class='ocrx_word' id='word_1_309' title='bbox 805 2521 860 2543; x_wconf 85' lang='lat' dir='ltr'>nos</span> <span class='ocrx_word' id='word_1_310' title='bbox 886 2503 990 2548; x_wconf 84' lang='lat' dir='ltr'>hodie,</span> <span class='ocrx_word' id='word_1_311' title='bbox 1010 2507 1062 2554; x_wconf 89' lang='lat' dir='ltr'>qui</span> <span class='ocrx_word' id='word_1_312' title='bbox 1078 2507 1131 2541; x_wconf 93' lang='lat' dir='ltr'>sub</span> 
     </span>
     <span class='ocr_line' id='line_1_53' title="bbox 396 2555 1132 2603; baseline -0.001 -14"><span class='ocrx_word' id='word_1_313' title='bbox 396 2557 533 2603; x_wconf 80' lang='lat' dir='ltr'>pupillari</span> <span class='ocrx_word' id='word_1_314' title='bbox 544 2567 631 2591; x_wconf 85' lang='lat' dir='ltr'>aetate</span> <span class='ocrx_word' id='word_1_315' title='bbox 643 2557 765 2591; x_wconf 83' lang='lat' dir='ltr'>baltheo</span> <span class='ocrx_word' id='word_1_316' title='bbox 779 2557 902 2591; x_wconf 72' lang='lat' dir='ltr'>milimi</span> <span class='ocrx_word' id='word_1_317' title='bbox 911 2555 1109 2601; x_wconf 75' lang='lat' dir='ltr'>insigniuntur</span> <span class='ocrx_word' id='word_1_318' title='bbox 1121 2568 1132 2599; x_wconf 77' lang='lat'>3</span> 
     </span>
     <span class='ocr_line' id='line_1_54' title="bbox 396 2603 1131 2653; baseline -0.001 -15"><span class='ocrx_word' id='word_1_319' title='bbox 396 2615 490 2638; x_wconf 78' lang='lat' dir='ltr'>exuto</span> <span class='ocrx_word' id='word_1_320' title='bbox 508 2606 641 2650; x_wconf 84' lang='lat' dir='ltr'>protinus</span> <span class='ocrx_word' id='word_1_321' title='bbox 665 2605 806 2640; x_wconf 84' lang='lat' dir='ltr'>custodiae</span> <span class='ocrx_word' id='word_1_322' title='bbox 824 2605 915 2653; x_wconf 83' lang='lat' dir='ltr'>jugo,</span> <span class='ocrx_word' id='word_1_323' title='bbox 933 2603 1046 2650; x_wconf 88' lang='lat' dir='ltr'>reipub.</span> <span class='ocrx_word' id='word_1_324' title='bbox 1065 2616 1131 2650; x_wconf 86' lang='lat' dir='ltr'>pars</span> 
     </span>
     <span class='ocr_line' id='line_1_55' title="bbox 398 2652 790 2695; baseline -0.003 -9"><span class='ocrx_word' id='word_1_325' title='bbox 398 2652 561 2695; x_wconf 87' lang='lat' dir='ltr'>habentur,</span> <span class='ocrx_word' id='word_1_326' title='bbox 583 2667 644 2687; x_wconf 90' lang='lat' dir='ltr'>non</span> <span class='ocrx_word' id='word_1_327' title='bbox 661 2652 790 2688; x_wconf 87' lang='lat' dir='ltr'>familiae.</span> 
     </span>
    </p>

    <p class='ocr_par' dir='ltr' id='par_1_15' title="bbox 397 2698 1136 3419">
     <span class='ocr_line' id='line_1_56' title="bbox 443 2698 1131 2748; baseline -0.004 -10"><span class='ocrx_word' id='word_1_328' title='bbox 443 2698 467 2746; x_wconf 62' lang='lat' dir='ltr'><strong>ff</strong></span> <span class='ocrx_word' id='word_1_329' title='bbox 485 2699 712 2747; x_wconf 82' lang='lat' dir='ltr'>Extrahura.]</span> <span class='ocrx_word' id='word_1_330' title='bbox 737 2703 812 2737; x_wconf 85' lang='lat' dir='ltr'>Vox</span> <span class='ocrx_word' id='word_1_331' title='bbox 830 2699 895 2736; x_wconf 85' lang='lat' dir='ltr'>fori.</span> <span class='ocrx_word' id='word_1_332' title='bbox 923 2703 1017 2736; x_wconf 87' lang='lat' dir='ltr'>Pecus</span> <span class='ocrx_word' id='word_1_333' title='bbox 1048 2700 1131 2748; x_wconf 93' lang='lat' dir='ltr'>quod</span> 
     </span>
     <span class='ocr_line' id='line_1_57' title="bbox 397 2749 1132 2797; baseline 0 -14"><span class='ocrx_word' id='word_1_334' title='bbox 397 2749 528 2795; x_wconf 73' lang='lat' dir='ltr'>elapsum</span> <span class='ocrx_word' id='word_1_335' title='bbox 547 2749 565 2784; x_wconf 74' lang='lat' dir='ltr'>a</span> <span class='ocrx_word' id='word_1_336' title='bbox 577 2750 697 2784; x_wconf 87' lang='lat' dir='ltr'>custode</span> <span class='ocrx_word' id='word_1_337' title='bbox 714 2763 836 2797; x_wconf 90' lang='lat' dir='ltr'>campos</span> <span class='ocrx_word' id='word_1_338' title='bbox 852 2761 996 2796; x_wconf 84' lang='lat' dir='ltr'>pererrat,</span> <span class='ocrx_word' id='word_1_339' title='bbox 1025 2750 1132 2796; x_wconf 88' lang='lat' dir='ltr'>ignoto</span> 
     </span>
     <span class='ocr_line' id='line_1_58' title="bbox 398 2796 1133 2844; baseline 0.003 -14"><span class='ocrx_word' id='word_1_340' title='bbox 398 2797 528 2832; x_wconf 86' lang='lat' dir='ltr'>domino.</span> <span class='ocrx_word' id='word_1_341' title='bbox 576 2798 699 2833; x_wconf 89' lang='lat' dir='ltr'>Animal</span> <span class='ocrx_word' id='word_1_342' title='bbox 712 2799 823 2844; x_wconf 87' lang='lat' dir='ltr'>palans.</span> <span class='ocrx_word' id='word_1_343' title='bbox 868 2798 997 2832; x_wconf 63' lang='lat' dir='ltr'>Diffirm</span> <span class='ocrx_word' id='word_1_344' title='bbox 1018 2796 1035 2831; x_wconf 72' lang='grc' dir='ltr'>ὲ</span> <span class='ocrx_word' id='word_1_345' title='bbox 1053 2798 1133 2832; x_wconf 84' lang='lat' dir='ltr'>Gall.</span> 
     </span>
     <span class='ocr_line' id='line_1_59' title="bbox 398 2845 1132 2893; baseline 0.005 -16"><span class='ocrx_word' id='word_1_346' title='bbox 398 2858 548 2887; x_wconf 65' lang='lat' dir='ltr'>extr-ayeur,</span> <span class='ocrx_word' id='word_1_347' title='bbox 566 2846 648 2892; x_wconf 79' lang='lat' dir='ltr'>quasi</span> <span class='ocrx_word' id='word_1_348' title='bbox 662 2848 690 2881; x_wconf 70' lang='lat' dir='ltr'>st</span> <span class='ocrx_word' id='word_1_349' title='bbox 702 2847 802 2893; x_wconf 83' lang='lat' dir='ltr'>gregi,</span> <span class='ocrx_word' id='word_1_350' title='bbox 819 2845 868 2880; x_wconf 87' lang='lat' dir='ltr'>vel</span> <span class='ocrx_word' id='word_1_351' title='bbox 881 2846 1063 2880; x_wconf 77' lang='lat' dir='ltr'>consortibus</span> <span class='ocrx_word' id='word_1_352' title='bbox 1080 2859 1132 2881; x_wconf 86' lang='lat' dir='ltr'>ex-</span> 
     </span>
     <span class='ocr_line' id='line_1_60' title="bbox 400 2892 1130 2943; baseline 0.004 -19"><span class='ocrx_word' id='word_1_353' title='bbox 400 2892 526 2935; x_wconf 80' lang='lat' dir='ltr'>trahens,</span> <span class='ocrx_word' id='word_1_354' title='bbox 534 2895 708 2942; x_wconf 79' lang='lat' dir='ltr'>lolivagum.</span> <span class='ocrx_word' id='word_1_355' title='bbox 721 2896 770 2928; x_wconf 86' lang='lat' dir='ltr'>vel</span> <span class='ocrx_word' id='word_1_356' title='bbox 782 2895 821 2929; x_wconf 90' lang='lat' dir='ltr'>ab</span> <span class='ocrx_word' id='word_1_357' title='bbox 835 2906 931 2936; x_wconf 85' lang='lat' dir='ltr'>extra,</span> <span class='ocrx_word' id='word_1_358' title='bbox 944 2901 1111 2943; x_wconf 78' lang='lat' dir='ltr'>q.extrariu5</span> <span class='ocrx_word' id='word_1_359' title='bbox 1121 2911 1130 2927; x_wconf 86' lang='lat'>.-</span> 
     </span>
     <span class='ocr_line' id='line_1_61' title="bbox 402 2941 1132 2989; baseline 0.005 -16"><span class='ocrx_word' id='word_1_360' title='bbox 402 2941 470 2974; x_wconf 84' lang='lat' dir='ltr'>Gal.</span> <span class='ocrx_word' id='word_1_361' title='bbox 479 2942 562 2976; x_wconf 83' lang='lat' dir='ltr'>aliter</span> <span class='ocrx_word' id='word_1_362' title='bbox 570 2946 679 2989; x_wconf 83' lang='lat' dir='ltr'>Espave.</span> <span class='ocrx_word' id='word_1_363' title='bbox 700 2943 791 2977; x_wconf 82' lang='lat' dir='ltr'>Cedit</span> <span class='ocrx_word' id='word_1_364' title='bbox 799 2953 900 2977; x_wconf 87' lang='lat' dir='ltr'>autem</span> <span class='ocrx_word' id='word_1_365' title='bbox 912 2943 1038 2978; x_wconf 87' lang='lat' dir='ltr'>domino</span> <span class='ocrx_word' id='word_1_366' title='bbox 1052 2943 1132 2977; x_wconf 82' lang='lat' dir='ltr'>villae</span> 
     </span>
     <span class='ocr_line' id='line_1_62' title="bbox 402 2988 1132 3043; baseline 0.008 -23"><span class='ocrx_word' id='word_1_367' title='bbox 402 2988 451 3040; x_wconf 77' lang='lat' dir='ltr'>scu</span> <span class='ocrx_word' id='word_1_368' title='bbox 468 2988 656 3043; x_wconf 75' lang='lat' dir='ltr'>diti011i5‚qua</span> <span class='ocrx_word' id='word_1_369' title='bbox 666 2992 804 3037; x_wconf 75' lang='lat' dir='ltr'>prensum</span> <span class='ocrx_word' id='word_1_370' title='bbox 817 2991 870 3033; x_wconf 89' lang='lat' dir='ltr'>est,</span> <span class='ocrx_word' id='word_1_371' title='bbox 882 2990 903 3025; x_wconf 85' lang='lat' dir='ltr'>fi</span> <span class='ocrx_word' id='word_1_372' title='bbox 912 2992 1132 3038; x_wconf 84' lang='lat' dir='ltr'>proclamatum</span> 
     </span>
     <span class='ocr_line' id='line_1_63' title="bbox 405 3037 1133 3080; baseline 0.012 -14"><span class='ocrx_word' id='word_1_373' title='bbox 405 3048 434 3067; x_wconf 75' lang='grc' dir='ltr'>ιι]</span> <span class='ocrx_word' id='word_1_374' title='bbox 448 3037 547 3070; x_wconf 77' lang='lat' dir='ltr'>vicinis</span> <span class='ocrx_word' id='word_1_375' title='bbox 565 3040 709 3080; x_wconf 83' lang='lat' dir='ltr'>mercatis,</span> <span class='ocrx_word' id='word_1_376' title='bbox 731 3052 819 3073; x_wconf 88' lang='lat' dir='ltr'>verus</span> <span class='ocrx_word' id='word_1_377' title='bbox 843 3040 981 3074; x_wconf 81' lang='lat' dir='ltr'>dominus</span> <span class='ocrx_word' id='word_1_378' title='bbox 989 3038 1067 3075; x_wconf 85' lang='lat' dir='ltr'>infra</span> <span class='ocrx_word' id='word_1_379' title='bbox 1081 3054 1133 3075; x_wconf 87' lang='lat' dir='ltr'>an-</span> 
     </span>
     <span class='ocr_line' id='line_1_64' title="bbox 402 3084 1135 3132; baseline 0.012 -18"><span class='ocrx_word' id='word_1_380' title='bbox 402 3094 476 3115; x_wconf 79' lang='lat' dir='ltr'>num</span> <span class='ocrx_word' id='word_1_381' title='bbox 494 3087 523 3117; x_wconf 88' lang='lat'><strong>&amp;</strong></span> <span class='ocrx_word' id='word_1_382' title='bbox 533 3084 612 3119; x_wconf 88' lang='lat' dir='ltr'>diem</span> <span class='ocrx_word' id='word_1_383' title='bbox 631 3099 693 3119; x_wconf 85' lang='lat' dir='ltr'>non</span> <span class='ocrx_word' id='word_1_384' title='bbox 705 3089 908 3132; x_wconf 66' lang='lat' dir='ltr'>repoposcerit.</span> <span class='ocrx_word' id='word_1_385' title='bbox 949 3088 1008 3122; x_wconf 85' lang='lat' dir='ltr'>Sed</span> <span class='ocrx_word' id='word_1_386' title='bbox 1024 3088 1135 3123; x_wconf 83' lang='lat' dir='ltr'>adden-</span> 
     </span>
     <span class='ocr_line' id='line_1_65' title="bbox 404 3129 1135 3181; baseline 0.005 -19"><span class='ocrx_word' id='word_1_387' title='bbox 404 3129 478 3164; x_wconf 85' lang='lat' dir='ltr'>dum</span> <span class='ocrx_word' id='word_1_388' title='bbox 513 3131 578 3172; x_wconf 86' lang='lat' dir='ltr'>est,</span> <span class='ocrx_word' id='word_1_389' title='bbox 623 3133 704 3179; x_wconf 90' lang='lat' dir='ltr'>quod</span> <span class='ocrx_word' id='word_1_390' title='bbox 728 3147 811 3181; x_wconf 86' lang='lat'>900.</span> <span class='ocrx_word' id='word_1_391' title='bbox 839 3135 947 3169; x_wconf 86' lang='lat' dir='ltr'>abhinc</span> <span class='ocrx_word' id='word_1_392' title='bbox 971 3150 1063 3171; x_wconf 81' lang='lat' dir='ltr'>annos</span> <span class='ocrx_word' id='word_1_393' title='bbox 1079 3137 1135 3171; x_wconf 87' lang='lat' dir='ltr'>sta-</span> 
     </span>
     <span class='ocr_line' id='line_1_66' title="bbox 404 3176 1135 3228; baseline 0.014 -19"><span class='ocrx_word' id='word_1_394' title='bbox 404 3176 474 3210; x_wconf 88' lang='lat' dir='ltr'>stuit</span> <span class='ocrx_word' id='word_1_395' title='bbox 486 3179 551 3211; x_wconf 83' lang='lat' dir='ltr'>luas</span> <span class='ocrx_word' id='word_1_396' title='bbox 565 3181 631 3213; x_wconf 76' lang='lat' dir='ltr'>Rex</span> <span class='ocrx_word' id='word_1_397' title='bbox 649 3181 854 3226; x_wconf 85' lang='lat' dir='ltr'>Anglo-Saxo,</span> <span class='ocrx_word' id='word_1_398' title='bbox 877 3184 930 3228; x_wconf 88' lang='lat' dir='ltr'>qui</span> <span class='ocrx_word' id='word_1_399' title='bbox 946 3184 978 3217; x_wconf 89' lang='lat' dir='ltr'>in</span> <span class='ocrx_word' id='word_1_400' title='bbox 995 3186 1064 3218; x_wconf 93' lang='lat' dir='ltr'>LL.</span> <span class='ocrx_word' id='word_1_401' title='bbox 1080 3186 1135 3219; x_wconf 85' lang='lat' dir='ltr'>suis</span> 
     </span>
     <span class='ocr_line' id='line_1_67' title="bbox 405 3226 1135 3278; baseline 0.01 -20"><span class='ocrx_word' id='word_1_402' title='bbox 405 3226 495 3259; x_wconf 86' lang='lat' dir='ltr'>MSS.</span> <span class='ocrx_word' id='word_1_403' title='bbox 507 3230 738 3272; x_wconf 85' lang='lat' dir='ltr'>ca.antepenult.</span> <span class='ocrx_word' id='word_1_404' title='bbox 756 3228 794 3264; x_wconf 86' lang='lat' dir='ltr'>fic</span> <span class='ocrx_word' id='word_1_405' title='bbox 802 3231 864 3273; x_wconf 67' lang='lat' dir='ltr'>ait,</span> <span class='ocrx_word' id='word_1_406' title='bbox 881 3237 1017 3265; x_wconf 80' lang='lat' dir='ltr'>Diximus</span> <span class='ocrx_word' id='word_1_407' title='bbox 1040 3235 1072 3265; x_wconf 84' lang='lat' dir='ltr'>de</span> <span class='ocrx_word' id='word_1_408' title='bbox 1093 3239 1135 3278; x_wconf 71' lang='lat' dir='ltr'>:g-</span> 
     </span>
     <span class='ocr_line' id='line_1_68' title="bbox 404 3275 1136 3321; baseline 0.008 -16"><span class='ocrx_word' id='word_1_409' title='bbox 404 3285 473 3306; x_wconf 77' lang='lat' dir='ltr'>notxs</span> <span class='ocrx_word' id='word_1_410' title='bbox 486 3275 632 3320; x_wconf 71' lang='lat' dir='ltr'>pecoribus,</span> <span class='ocrx_word' id='word_1_411' title='bbox 655 3287 685 3307; x_wconf 85' lang='lat' dir='ltr'>ut</span> <span class='ocrx_word' id='word_1_412' title='bbox 709 3290 783 3310; x_wconf 86' lang='lat' dir='ltr'>nemo</span> <span class='ocrx_word' id='word_1_413' title='bbox 808 3279 904 3311; x_wconf 82' lang='lat' dir='ltr'>habeat</span> <span class='ocrx_word' id='word_1_414' title='bbox 912 3283 972 3321; x_wconf 81' lang='lat' dir='ltr'>fine</span> <span class='ocrx_word' id='word_1_415' title='bbox 988 3282 1136 3321; x_wconf 58' lang='lat' dir='ltr'>testimonio</span> 
     </span>
     <span class='ocr_line' id='line_1_69' title="bbox 405 3323 1135 3362; baseline 0.01 -8"><span class='ocrx_word' id='word_1_416' title='bbox 405 3323 533 3356; x_wconf 78' lang='lat' dir='ltr'>hundredi</span> <span class='ocrx_word' id='word_1_417' title='bbox 562 3325 606 3355; x_wconf 84' lang='lat' dir='ltr'>vel</span> <span class='ocrx_word' id='word_1_418' title='bbox 622 3324 758 3357; x_wconf 76' lang='lat' dir='ltr'>horminum</span> <span class='ocrx_word' id='word_1_419' title='bbox 783 3328 895 3360; x_wconf 83' lang='lat' dir='ltr'>decimae.</span> <span class='ocrx_word' id='word_1_420' title='bbox 944 3327 1005 3361; x_wconf 86' lang='lat' dir='ltr'>Ubi</span> <span class='ocrx_word' id='word_1_421' title='bbox 1018 3329 1135 3362; x_wconf 81' lang='lat' dir='ltr'>homines</span> 
     </span>
     <span class='ocr_line' id='line_1_70' title="bbox 404 3370 1136 3419; baseline 0.012 -16"><span class='ocrx_word' id='word_1_422' title='bbox 404 3376 522 3407; x_wconf 64' lang='lat' dir='ltr'>Decima</span> <span class='ocrx_word' id='word_1_423' title='bbox 533 3370 682 3414; x_wconf 74' lang='lat' dir='ltr'>dicuntur,</span> <span class='ocrx_word' id='word_1_424' title='bbox 698 3382 772 3419; x_wconf 80' lang='lat' dir='ltr'>quos</span> <span class='ocrx_word' id='word_1_425' title='bbox 799 3372 890 3407; x_wconf 87' lang='lat' dir='ltr'>hodie</span> <span class='ocrx_word' id='word_1_426' title='bbox 919 3378 1062 3419; x_wconf 61' lang='lat' dir='ltr'>Seffatores</span> <span class='ocrx_word' id='word_1_427' title='bbox 1077 3379 1136 3412; x_wconf 66' lang='grc' dir='ltr'>(εκ</span> 
     </span>
    </p>
   </div>
   <div class='ocr_carea' id='block_1_9' title="bbox 981 1847 1063 1854">
    <p class='ocr_par' dir='ltr' id='par_1_16' title="bbox 981 1847 1063 1854">
     <span class='ocr_line' id='line_1_71' title="bbox 981 1847 1063 1854; baseline 0 1955"><span class='ocrx_word' id='word_1_428' title='bbox 981 1847 1063 1854; x_wconf 95' lang='lat' dir='ltr'> </span> 
     </span>
    </p>
   </div>
   <div class='ocr_carea' id='block_1_10' title="bbox 1150 284 1920 2891">
    <p class='ocr_par' dir='ltr' id='par_1_17' title="bbox 1150 284 1898 475">
     <span class='ocr_line' id='line_1_72' title="bbox 1150 284 1898 331; baseline 0.003 -13"><span class='ocrx_word' id='word_1_429' title='bbox 1150 284 1336 331; x_wconf 85' lang='lat' dir='ltr'>appellamus</span> <span class='ocrx_word' id='word_1_430' title='bbox 1349 298 1356 318; x_wconf 90' lang='lat'>:</span> <span class='ocrx_word' id='word_1_431' title='bbox 1375 287 1407 318; x_wconf 75' lang='grc' dir='ltr'>ὃ(</span> <span class='ocrx_word' id='word_1_432' title='bbox 1421 285 1606 331; x_wconf 79' lang='lat' dir='ltr'>cognoscunt</span> <span class='ocrx_word' id='word_1_433' title='bbox 1617 285 1650 317; x_wconf 86' lang='lat' dir='ltr'>hi</span> <span class='ocrx_word' id='word_1_434' title='bbox 1662 286 1788 331; x_wconf 90' lang='lat' dir='ltr'>quidem</span> <span class='ocrx_word' id='word_1_435' title='bbox 1801 287 1898 321; x_wconf 85' lang='lat' dir='ltr'>etiam</span> 
     </span>
     <span class='ocr_line' id='line_1_73' title="bbox 1150 333 1893 380; baseline -0.007 -13"><span class='ocrx_word' id='word_1_436' title='bbox 1150 346 1230 367; x_wconf 89' lang='lat' dir='ltr'>nunc</span> <span class='ocrx_word' id='word_1_437' title='bbox 1248 333 1286 366; x_wconf 91' lang='lat' dir='ltr'>de</span> <span class='ocrx_word' id='word_1_438' title='bbox 1298 335 1469 374; x_wconf 61' lang='lat' dir='ltr'>extralnaeris,</span> <span class='ocrx_word' id='word_1_439' title='bbox 1494 344 1563 379; x_wconf 83' lang='lat' dir='ltr'>quae</span> <span class='ocrx_word' id='word_1_440' title='bbox 1589 344 1644 364; x_wconf 86' lang='lat' dir='ltr'>nec</span> <span class='ocrx_word' id='word_1_441' title='bbox 1663 333 1788 368; x_wconf 82' lang='lat' dir='ltr'>domino</span> <span class='ocrx_word' id='word_1_442' title='bbox 1806 333 1893 380; x_wconf 74' lang='lat' dir='ltr'>adju-</span> 
     </span>
     <span class='ocr_line' id='line_1_74' title="bbox 1152 378 1894 428; baseline 0.003 -13"><span class='ocrx_word' id='word_1_443' title='bbox 1152 381 1300 423; x_wconf 87' lang='lat' dir='ltr'>dicantur,</span> <span class='ocrx_word' id='word_1_444' title='bbox 1323 381 1496 428; x_wconf 61' lang='lat' dir='ltr'>priu‘fiquam</span> <span class='ocrx_word' id='word_1_445' title='bbox 1508 378 1562 427; x_wconf 88' lang='lat' dir='ltr'>ipfi</span> <span class='ocrx_word' id='word_1_446' title='bbox 1571 378 1777 416; x_wconf 84' lang='lat' dir='ltr'>testimonium</span> <span class='ocrx_word' id='word_1_447' title='bbox 1785 382 1824 416; x_wconf 86' lang='lat' dir='ltr'>de</span> <span class='ocrx_word' id='word_1_448' title='bbox 1840 384 1894 417; x_wconf 86' lang='lat' dir='ltr'>eis-</span> 
     </span>
     <span class='ocr_line' id='line_1_75' title="bbox 1153 429 1433 475; baseline 0.004 -13"><span class='ocrx_word' id='word_1_449' title='bbox 1153 429 1226 463; x_wconf 87' lang='lat' dir='ltr'>dem</span> <span class='ocrx_word' id='word_1_450' title='bbox 1247 429 1433 475; x_wconf 86' lang='lat' dir='ltr'>perhibuere.</span> 
     </span>
    </p>

    <p class='ocr_par' dir='ltr' id='par_1_18' title="bbox 1150 474 1913 1875">
     <span class='ocr_line' id='line_1_76' title="bbox 1206 474 1898 522; baseline -0.006 -9"><span class='ocrx_word' id='word_1_451' title='bbox 1206 474 1229 522; x_wconf 52' lang='grc' dir='ltr'>Ἰ</span> <span class='ocrx_word' id='word_1_452' title='bbox 1252 476 1456 522; x_wconf 76' lang='lat' dir='ltr'>Exufflare.]</span> <span class='ocrx_word' id='word_1_453' title='bbox 1493 477 1533 510; x_wconf 79' lang='lat' dir='ltr'>Et</span> <span class='ocrx_word' id='word_1_454' title='bbox 1565 478 1842 520; x_wconf 58' lang='lat' dir='ltr'>Catathemcm&#39;zare,</span> <span class='ocrx_word' id='word_1_455' title='bbox 1866 482 1898 512; x_wconf 87' lang='lat'>&amp;</span> 
     </span>
     <span class='ocr_line' id='line_1_77' title="bbox 1154 524 1901 569; baseline 0 -11"><span class='ocrx_word' id='word_1_456' title='bbox 1154 527 1420 569; x_wconf 61' lang='lat' dir='ltr'>Anathematz&#39;zare.&gt;</span> <span class='ocrx_word' id='word_1_457' title='bbox 1470 526 1519 559; x_wconf 90' lang='lat' dir='ltr'>De</span> <span class='ocrx_word' id='word_1_458' title='bbox 1542 529 1638 557; x_wconf 77' lang='lat' dir='ltr'>Marco</span> <span class='ocrx_word' id='word_1_459' title='bbox 1665 524 1807 558; x_wconf 81' lang='lat' dir='ltr'>haeretico</span> <span class='ocrx_word' id='word_1_460' title='bbox 1825 525 1901 558; x_wconf 86' lang='lat' dir='ltr'>dixit</span> 
     </span>
     <span class='ocr_line' id='line_1_78' title="bbox 1154 571 1902 620; baseline -0.001 -13"><span class='ocrx_word' id='word_1_461' title='bbox 1154 579 1268 607; x_wconf 73' lang='lat' dir='ltr'>Irenaeus</span> <span class='ocrx_word' id='word_1_462' title='bbox 1279 573 1297 607; x_wconf 91' lang='lat' dir='ltr'>l.</span> <span class='ocrx_word' id='word_1_463' title='bbox 1316 586 1344 607; x_wconf 89' lang='lat'>1.</span> <span class='ocrx_word' id='word_1_464' title='bbox 1358 585 1383 606; x_wconf 91' lang='lat' dir='ltr'>c.</span> <span class='ocrx_word' id='word_1_465' title='bbox 1397 586 1430 620; x_wconf 88' lang='lat'>9.</span> <span class='ocrx_word' id='word_1_466' title='bbox 1442 573 1525 617; x_wconf 76' lang='lat' dir='ltr'>quod</span> <span class='ocrx_word' id='word_1_467' title='bbox 1543 572 1682 606; x_wconf 69' lang='lat' dir='ltr'>mulieres</span> <span class='ocrx_word' id='word_1_468' title='bbox 1712 571 1855 618; x_wconf 87' lang='lat' dir='ltr'>quasdam</span> <span class='ocrx_word' id='word_1_469' title='bbox 1867 572 1902 606; x_wconf 88' lang='lat' dir='ltr'>fi-</span> 
     </span>
     <span class='ocr_line' id='line_1_79' title="bbox 1150 618 1903 667; baseline -0.003 -11"><span class='ocrx_word' id='word_1_470' title='bbox 1150 621 1235 664; x_wconf 85' lang='lat' dir='ltr'>deles</span> <span class='ocrx_word' id='word_1_471' title='bbox 1263 618 1407 655; x_wconf 61' lang='lat' dir='ltr'>affec‘tans</span> <span class='ocrx_word' id='word_1_472' title='bbox 1437 619 1588 661; x_wconf 85' lang='lat' dir='ltr'>seducere,</span> <span class='ocrx_word' id='word_1_473' title='bbox 1609 620 1724 667; x_wconf 84' lang='lat' dir='ltr'>jubens</span> <span class='ocrx_word' id='word_1_474' title='bbox 1742 633 1793 655; x_wconf 83' lang='lat' dir='ltr'>eas</span> <span class='ocrx_word' id='word_1_475' title='bbox 1817 621 1830 664; x_wconf 85' lang='lat'>(</span> <span class='ocrx_word' id='word_1_476' title='bbox 1847 633 1903 667; x_wconf 88' lang='lat' dir='ltr'>pro</span> 
     </span>
     <span class='ocr_line' id='line_1_80' title="bbox 1156 667 1903 715; baseline -0.004 -11"><span class='ocrx_word' id='word_1_477' title='bbox 1156 682 1243 704; x_wconf 85' lang='lat' dir='ltr'>more</span> <span class='ocrx_word' id='word_1_478' title='bbox 1272 667 1348 712; x_wconf 86' lang='lat' dir='ltr'>suo)</span> <span class='ocrx_word' id='word_1_479' title='bbox 1387 667 1588 715; x_wconf 85' lang='lat' dir='ltr'>prophetare:</span> <span class='ocrx_word' id='word_1_480' title='bbox 1624 681 1671 706; x_wconf 64' lang='lat' dir='ltr'>eae,</span> <span class='ocrx_word' id='word_1_481' title='bbox 1686 670 1784 715; x_wconf 81' lang='lat' dir='ltr'>inquit</span> <span class='ocrx_word' id='word_1_482' title='bbox 1809 674 1903 709; x_wconf 85' lang='lat' dir='ltr'>Exuf-</span> 
     </span>
     <span class='ocr_line' id='line_1_81' title="bbox 1150 717 1898 763; baseline -0.001 -11"><span class='ocrx_word' id='word_1_483' title='bbox 1150 720 1252 760; x_wconf 82' lang='lat' dir='ltr'>flantes</span> <span class='ocrx_word' id='word_1_484' title='bbox 1275 722 1307 753; x_wconf 68' lang='grc' dir='ltr'>ὃ(</span> <span class='ocrx_word' id='word_1_485' title='bbox 1324 720 1597 761; x_wconf 66' lang='lat' dir='ltr'>Anathematizantes</span> <span class='ocrx_word' id='word_1_486' title='bbox 1623 729 1709 757; x_wconf 79' lang='lat' dir='ltr'>eum,</span> <span class='ocrx_word' id='word_1_487' title='bbox 1745 717 1898 763; x_wconf 72' lang='lat' dir='ltr'>separave—</span> 
     </span>
     <span class='ocr_line' id='line_1_82' title="bbox 1157 763 1903 812; baseline -0.007 -11"><span class='ocrx_word' id='word_1_488' title='bbox 1157 778 1229 801; x_wconf 88' lang='lat' dir='ltr'>runt</span> <span class='ocrx_word' id='word_1_489' title='bbox 1247 767 1274 801; x_wconf 89' lang='lat' dir='ltr'>se</span> <span class='ocrx_word' id='word_1_490' title='bbox 1311 767 1350 801; x_wconf 87' lang='lat' dir='ltr'>ab</span> <span class='ocrx_word' id='word_1_491' title='bbox 1381 764 1550 812; x_wconf 77' lang='lat' dir='ltr'>hujusmodi</span> <span class='ocrx_word' id='word_1_492' title='bbox 1579 763 1692 801; x_wconf 64' lang='lat' dir='ltr'>insano.</span> <span class='ocrx_word' id='word_1_493' title='bbox 1721 766 1761 800; x_wconf 88' lang='lat' dir='ltr'>Et</span> <span class='ocrx_word' id='word_1_494' title='bbox 1793 766 1903 800; x_wconf 60' lang='lat' dir='ltr'>iterum</span> 
     </span>
     <span class='ocr_line' id='line_1_83' title="bbox 1159 812 1904 861; baseline -0.001 -12"><span class='ocrx_word' id='word_1_495' title='bbox 1159 821 1280 858; x_wconf 79' lang='lat' dir='ltr'>Irenaeus,</span> <span class='ocrx_word' id='word_1_496' title='bbox 1291 815 1310 849; x_wconf 91' lang='lat' dir='ltr'>l.</span> <span class='ocrx_word' id='word_1_497' title='bbox 1329 829 1341 849; x_wconf 93' lang='lat'>1</span> <span class='ocrx_word' id='word_1_498' title='bbox 1355 842 1362 849; x_wconf 91' lang='lat'>.</span> <span class='ocrx_word' id='word_1_499' title='bbox 1379 828 1403 848; x_wconf 93' lang='lat' dir='ltr'>c.</span> <span class='ocrx_word' id='word_1_500' title='bbox 1429 827 1441 848; x_wconf 87' lang='lat'>1</span> <span class='ocrx_word' id='word_1_501' title='bbox 1455 827 1483 860; x_wconf 85' lang='lat'>3.</span> <span class='ocrx_word' id='word_1_502' title='bbox 1502 815 1609 853; x_wconf 70' lang='lat' dir='ltr'>Qiam</span> <span class='ocrx_word' id='word_1_503' title='bbox 1621 812 1794 847; x_wconf 81' lang='lat' dir='ltr'>sententiam</span> <span class='ocrx_word' id='word_1_504' title='bbox 1812 814 1904 861; x_wconf 80' lang='lat' dir='ltr'>digne</span> 
     </span>
     <span class='ocr_line' id='line_1_84' title="bbox 1159 861 1904 907; baseline -0.003 -10"><span class='ocrx_word' id='word_1_505' title='bbox 1159 866 1321 907; x_wconf 85' lang='lat' dir='ltr'>exufflantes</span> <span class='ocrx_word' id='word_1_506' title='bbox 1338 867 1370 899; x_wconf 75' lang='grc' dir='ltr'>ὃ(</span> <span class='ocrx_word' id='word_1_507' title='bbox 1387 865 1659 905; x_wconf 58' lang='lat' dir='ltr'>catathematizantes</span> <span class='ocrx_word' id='word_1_508' title='bbox 1677 886 1687 902; x_wconf 87' lang='lat'>,</span> <span class='ocrx_word' id='word_1_509' title='bbox 1719 871 1841 907; x_wconf 86' lang='lat' dir='ltr'>oportet</span> <span class='ocrx_word' id='word_1_510' title='bbox 1857 861 1904 895; x_wconf 87' lang='lat' dir='ltr'>fu-</span> 
     </span>
     <span class='ocr_line' id='line_1_85' title="bbox 1156 908 1905 957; baseline -0.005 -11"><span class='ocrx_word' id='word_1_511' title='bbox 1156 924 1233 957; x_wconf 85' lang='lat' dir='ltr'>gere</span> <span class='ocrx_word' id='word_1_512' title='bbox 1252 912 1292 946; x_wconf 90' lang='lat' dir='ltr'>ab</span> <span class='ocrx_word' id='word_1_513' title='bbox 1303 913 1352 946; x_wconf 86' lang='lat' dir='ltr'>eis.</span> <span class='ocrx_word' id='word_1_514' title='bbox 1400 911 1507 946; x_wconf 86' lang='lat' dir='ltr'>Verbo</span> <span class='ocrx_word' id='word_1_515' title='bbox 1525 910 1617 944; x_wconf 85' lang='lat' dir='ltr'>etiam</span> <span class='ocrx_word' id='word_1_516' title='bbox 1654 911 1835 952; x_wconf 70' lang='lat' dir='ltr'>exufflatzonis</span> <span class='ocrx_word' id='word_1_517' title='bbox 1846 908 1905 943; x_wconf 88' lang='lat' dir='ltr'>fre-</span> 
     </span>
     <span class='ocr_line' id='line_1_86' title="bbox 1160 958 1905 1007; baseline -0.007 -12"><span class='ocrx_word' id='word_1_518' title='bbox 1160 960 1347 1007; x_wconf 65' lang='lat' dir='ltr'>quentiffime</span> <span class='ocrx_word' id='word_1_519' title='bbox 1367 961 1399 994; x_wconf 87' lang='lat' dir='ltr'>in</span> <span class='ocrx_word' id='word_1_520' title='bbox 1416 960 1496 993; x_wconf 84' lang='lat' dir='ltr'>hunc</span> <span class='ocrx_word' id='word_1_521' title='bbox 1514 959 1628 992; x_wconf 78' lang='lat' dir='ltr'>sensum</span> <span class='ocrx_word' id='word_1_522' title='bbox 1647 958 1739 991; x_wconf 88' lang='lat' dir='ltr'>utitur</span> <span class='ocrx_word' id='word_1_523' title='bbox 1765 961 1905 991; x_wconf 77' lang='lat' dir='ltr'>Tertullia-</span> 
     </span>
     <span class='ocr_line' id='line_1_87' title="bbox 1158 1007 1906 1053; baseline -0.004 -10"><span class='ocrx_word' id='word_1_524' title='bbox 1158 1009 1223 1051; x_wconf 81' lang='lat' dir='ltr'>nus,</span> <span class='ocrx_word' id='word_1_525' title='bbox 1246 1019 1281 1043; x_wconf 91' lang='lat' dir='ltr'>ut</span> <span class='ocrx_word' id='word_1_526' title='bbox 1289 1008 1307 1042; x_wconf 93' lang='lat' dir='ltr'>l.</span> <span class='ocrx_word' id='word_1_527' title='bbox 1326 1008 1365 1042; x_wconf 90' lang='lat' dir='ltr'>de</span> <span class='ocrx_word' id='word_1_528' title='bbox 1378 1007 1563 1048; x_wconf 82' lang='lat' dir='ltr'>Idololatria,</span> <span class='ocrx_word' id='word_1_529' title='bbox 1578 1019 1602 1040; x_wconf 90' lang='lat' dir='ltr'>c.</span> <span class='ocrx_word' id='word_1_530' title='bbox 1626 1020 1639 1041; x_wconf 86' lang='lat'>1</span> <span class='ocrx_word' id='word_1_531' title='bbox 1653 1020 1679 1041; x_wconf 91' lang='lat'>1.</span> <span class='ocrx_word' id='word_1_532' title='bbox 1704 1008 1779 1040; x_wconf 85' lang='lat' dir='ltr'>Aras</span> <span class='ocrx_word' id='word_1_533' title='bbox 1805 1010 1817 1047; x_wconf 97' lang='lat'><em>(</em></span> <span class='ocrx_word' id='word_1_534' title='bbox 1831 1018 1906 1053; x_wconf 57' lang='lat' dir='ltr'>gena</span> 
     </span>
     <span class='ocr_line' id='line_1_88' title="bbox 1161 1054 1907 1103; baseline -0.005 -11"><span class='ocrx_word' id='word_1_535' title='bbox 1161 1055 1285 1100; x_wconf 87' lang='lat' dir='ltr'>tilium)</span> <span class='ocrx_word' id='word_1_536' title='bbox 1303 1055 1425 1103; x_wconf 89' lang='lat' dir='ltr'>despuet</span> <span class='ocrx_word' id='word_1_537' title='bbox 1442 1059 1474 1089; x_wconf 69' lang='grc' dir='ltr'>ὃ(</span> <span class='ocrx_word' id='word_1_538' title='bbox 1501 1056 1651 1098; x_wconf 81' lang='lat' dir='ltr'>exufflabit.</span> <span class='ocrx_word' id='word_1_539' title='bbox 1689 1054 1837 1089; x_wconf 90' lang='lat' dir='ltr'>Alludunt</span> <span class='ocrx_word' id='word_1_540' title='bbox 1855 1067 1907 1088; x_wconf 89' lang='lat' dir='ltr'>au-</span> 
     </span>
     <span class='ocr_line' id='line_1_89' title="bbox 1161 1102 1907 1150; baseline -0.004 -10"><span class='ocrx_word' id='word_1_541' title='bbox 1161 1116 1225 1140; x_wconf 87' lang='lat' dir='ltr'>tem</span> <span class='ocrx_word' id='word_1_542' title='bbox 1248 1116 1313 1140; x_wconf 87' lang='lat' dir='ltr'>tam</span> <span class='ocrx_word' id='word_1_543' title='bbox 1331 1111 1440 1138; x_wconf 79' lang='lat' dir='ltr'>Irenaem</span> <span class='ocrx_word' id='word_1_544' title='bbox 1454 1116 1546 1150; x_wconf 89' lang='lat' dir='ltr'>quam</span> <span class='ocrx_word' id='word_1_545' title='bbox 1571 1107 1754 1145; x_wconf 76' lang='lat' dir='ltr'>Tertullianus,</span> <span class='ocrx_word' id='word_1_546' title='bbox 1772 1102 1810 1136; x_wconf 90' lang='lat' dir='ltr'>ad</span> <span class='ocrx_word' id='word_1_547' title='bbox 1828 1105 1907 1150; x_wconf 89' lang='lat' dir='ltr'>Bap-</span> 
     </span>
     <span class='ocr_line' id='line_1_90' title="bbox 1161 1150 1906 1200; baseline -0.003 -12"><span class='ocrx_word' id='word_1_548' title='bbox 1161 1153 1239 1189; x_wconf 68' lang='lat' dir='ltr'>‘tifini</span> <span class='ocrx_word' id='word_1_549' title='bbox 1257 1155 1341 1195; x_wconf 85' lang='lat' dir='ltr'>ritus,</span> <span class='ocrx_word' id='word_1_550' title='bbox 1364 1154 1396 1187; x_wconf 90' lang='lat' dir='ltr'>in</span> <span class='ocrx_word' id='word_1_551' title='bbox 1409 1153 1516 1200; x_wconf 87' lang='lat' dir='ltr'>quibus</span> <span class='ocrx_word' id='word_1_552' title='bbox 1535 1150 1643 1186; x_wconf 88' lang='lat' dir='ltr'>Adulti</span> <span class='ocrx_word' id='word_1_553' title='bbox 1665 1153 1826 1198; x_wconf 60' lang='lat' dir='ltr'>baptizandi</span> <span class='ocrx_word' id='word_1_554' title='bbox 1840 1177 1850 1194; x_wconf 84' lang='lat'>,</span> <span class='ocrx_word' id='word_1_555' title='bbox 1867 1151 1906 1186; x_wconf 91' lang='lat' dir='ltr'>ad</span> 
     </span>
     <span class='ocr_line' id='line_1_91' title="bbox 1164 1200 1908 1246; baseline -0.004 -9"><span class='ocrx_word' id='word_1_556' title='bbox 1164 1202 1352 1237; x_wconf 89' lang='lat' dir='ltr'>occidentem</span> <span class='ocrx_word' id='word_1_557' title='bbox 1381 1201 1518 1235; x_wconf 86' lang='lat' dir='ltr'>manibus</span> <span class='ocrx_word' id='word_1_558' title='bbox 1549 1200 1759 1246; x_wconf 85' lang='lat' dir='ltr'>impingebant</span> <span class='ocrx_word' id='word_1_559' title='bbox 1772 1225 1783 1240; x_wconf 89' lang='lat'>,</span> <span class='ocrx_word' id='word_1_560' title='bbox 1806 1203 1838 1234; x_wconf 71' lang='grc' dir='ltr'>ὅ(</span> <span class='ocrx_word' id='word_1_561' title='bbox 1858 1213 1908 1234; x_wconf 83' lang='lat' dir='ltr'>ex-</span> 
     </span>
     <span class='ocr_line' id='line_1_92' title="bbox 1165 1248 1909 1297; baseline -0.005 -12"><span class='ocrx_word' id='word_1_562' title='bbox 1165 1251 1286 1297; x_wconf 89' lang='lat' dir='ltr'>puendo</span> <span class='ocrx_word' id='word_1_563' title='bbox 1297 1251 1476 1293; x_wconf 83' lang='lat' dir='ltr'>exufflabant,</span> <span class='ocrx_word' id='word_1_564' title='bbox 1501 1252 1534 1283; x_wconf 72' lang='grc' dir='ltr'>ὅ(</span> <span class='ocrx_word' id='word_1_565' title='bbox 1551 1248 1768 1282; x_wconf 85' lang='lat' dir='ltr'>execrabantur</span> <span class='ocrx_word' id='word_1_566' title='bbox 1781 1249 1909 1282; x_wconf 89' lang='lat' dir='ltr'>Daemo-</span> 
     </span>
     <span class='ocr_line' id='line_1_93' title="bbox 1166 1296 1911 1345; baseline -0.007 -11"><span class='ocrx_word' id='word_1_567' title='bbox 1166 1312 1236 1334; x_wconf 91' lang='lat' dir='ltr'>nem</span> <span class='ocrx_word' id='word_1_568' title='bbox 1250 1325 1260 1340; x_wconf 89' lang='lat'>,</span> <span class='ocrx_word' id='word_1_569' title='bbox 1293 1298 1432 1345; x_wconf 81' lang='lat' dir='ltr'>operibus</span> <span class='ocrx_word' id='word_1_570' title='bbox 1463 1296 1524 1342; x_wconf 84' lang='lat' dir='ltr'>ejus</span> <span class='ocrx_word' id='word_1_571' title='bbox 1554 1297 1809 1331; x_wconf 85' lang='lat' dir='ltr'>abrenunciantes.</span> <span class='ocrx_word' id='word_1_572' title='bbox 1860 1297 1911 1330; x_wconf 89' lang='lat' dir='ltr'>De</span> 
     </span>
     <span class='ocr_line' id='line_1_94' title="bbox 1166 1345 1909 1394; baseline -0.004 -13"><span class='ocrx_word' id='word_1_573' title='bbox 1166 1361 1230 1394; x_wconf 89' lang='lat' dir='ltr'>quo</span> <span class='ocrx_word' id='word_1_574' title='bbox 1239 1349 1300 1382; x_wconf 90' lang='lat' dir='ltr'>ritu</span> <span class='ocrx_word' id='word_1_575' title='bbox 1317 1345 1463 1381; x_wconf 82' lang='lat' dir='ltr'>videndus</span> <span class='ocrx_word' id='word_1_576' title='bbox 1475 1349 1607 1387; x_wconf 64' lang='lat' dir='ltr'>Diomfius</span> <span class='ocrx_word' id='word_1_577' title='bbox 1620 1351 1783 1391; x_wconf 75' lang='lat' dir='ltr'>Areopagita</span> <span class='ocrx_word' id='word_1_578' title='bbox 1796 1345 1909 1379; x_wconf 71' lang='lat' dir='ltr'>Ecclefi</span> 
     </span>
     <span class='ocr_line' id='line_1_95' title="bbox 1167 1394 1909 1441; baseline -0.007 -11"><span class='ocrx_word' id='word_1_579' title='bbox 1167 1396 1361 1437; x_wconf 85' lang='lat' dir='ltr'>Hierarchia,</span> <span class='ocrx_word' id='word_1_580' title='bbox 1383 1407 1448 1441; x_wconf 88' lang='lat' dir='ltr'>cap.</span> <span class='ocrx_word' id='word_1_581' title='bbox 1460 1407 1491 1429; x_wconf 91' lang='lat'>2.</span> <span class='ocrx_word' id='word_1_582' title='bbox 1509 1395 1601 1428; x_wconf 85' lang='lat' dir='ltr'>etiam</span> <span class='ocrx_word' id='word_1_583' title='bbox 1614 1397 1646 1427; x_wconf 88' lang='lat'>&amp;</span> <span class='ocrx_word' id='word_1_584' title='bbox 1665 1394 1806 1436; x_wconf 74' lang='lat' dir='ltr'>Rhabanus</span> <span class='ocrx_word' id='word_1_585' title='bbox 1824 1398 1909 1426; x_wconf 79' lang='lat' dir='ltr'>Mau-</span> 
     </span>
     <span class='ocr_line' id='line_1_96' title="bbox 1167 1442 1908 1485; baseline -0.007 -7"><span class='ocrx_word' id='word_1_586' title='bbox 1167 1459 1213 1478; x_wconf 82' lang='lat' dir='ltr'>ms</span> <span class='ocrx_word' id='word_1_587' title='bbox 1227 1444 1265 1478; x_wconf 91' lang='lat' dir='ltr'>de</span> <span class='ocrx_word' id='word_1_588' title='bbox 1283 1443 1380 1478; x_wconf 89' lang='lat' dir='ltr'>Instit.</span> <span class='ocrx_word' id='word_1_589' title='bbox 1393 1443 1476 1477; x_wconf 82' lang='lat' dir='ltr'>Cler.</span> <span class='ocrx_word' id='word_1_590' title='bbox 1494 1442 1512 1476; x_wconf 93' lang='lat' dir='ltr'>l.</span> <span class='ocrx_word' id='word_1_591' title='bbox 1527 1456 1555 1477; x_wconf 92' lang='lat'>1.</span> <span class='ocrx_word' id='word_1_592' title='bbox 1577 1455 1602 1476; x_wconf 92' lang='lat' dir='ltr'>c.</span> <span class='ocrx_word' id='word_1_593' title='bbox 1617 1454 1675 1485; x_wconf 89' lang='lat'>27.</span> <span class='ocrx_word' id='word_1_594' title='bbox 1696 1444 1908 1475; x_wconf 78' lang='lat' dir='ltr'>Catechumenus</span> 
     </span>
     <span class='ocr_line' id='line_1_97' title="bbox 1167 1491 1910 1539; baseline -0.004 -14"><span class='ocrx_word' id='word_1_595' title='bbox 1167 1494 1357 1539; x_wconf 71' lang='lat' dir='ltr'>baptizandus,</span> <span class='ocrx_word' id='word_1_596' title='bbox 1364 1494 1504 1537; x_wconf 62' lang='lat' dir='ltr'>postquam</span> <span class='ocrx_word' id='word_1_597' title='bbox 1631 1501 1682 1534; x_wconf 87' lang='lat' dir='ltr'>per</span> <span class='ocrx_word' id='word_1_598' title='bbox 1695 1491 1910 1523; x_wconf 72' lang='lat' dir='ltr'>abrenunciatio-</span> 
     </span>
     <span class='ocr_line' id='line_1_98' title="bbox 1168 1539 1910 1586; baseline -0.005 -13"><span class='ocrx_word' id='word_1_599' title='bbox 1168 1555 1229 1575; x_wconf 79' lang='lat' dir='ltr'>nem</span> <span class='ocrx_word' id='word_1_600' title='bbox 1245 1542 1263 1573; x_wconf 74' lang='grc' dir='ltr'><em>ὰ</em></span> <span class='ocrx_word' id='word_1_601' title='bbox 1278 1547 1380 1586; x_wconf 73' lang='lat' dir='ltr'>priores</span> <span class='ocrx_word' id='word_1_602' title='bbox 1401 1540 1545 1585; x_wconf 70' lang='lat' dir='ltr'>pcffiffirris</span> <span class='ocrx_word' id='word_1_603' title='bbox 1563 1540 1594 1579; x_wconf 72' lang='lat' dir='ltr'>se</span> <span class='ocrx_word' id='word_1_604' title='bbox 1612 1541 1775 1572; x_wconf 75' lang='lat' dir='ltr'>alienaverit</span> <span class='ocrx_word' id='word_1_605' title='bbox 1784 1539 1910 1578; x_wconf 71' lang='lat' dir='ltr'>ftrvitio,</span> 
     </span>
     <span class='ocr_line' id='line_1_99' title="bbox 1170 1586 1910 1632; baseline -0.003 -10"><span class='ocrx_word' id='word_1_606' title='bbox 1170 1587 1331 1622; x_wconf 84' lang='lat' dir='ltr'>exufflatur</span> <span class='ocrx_word' id='word_1_607' title='bbox 1341 1589 1374 1620; x_wconf 80' lang='lat' dir='ltr'>ab</span> <span class='ocrx_word' id='word_1_608' title='bbox 1392 1602 1420 1620; x_wconf 89' lang='lat' dir='ltr'>eo</span> <span class='ocrx_word' id='word_1_609' title='bbox 1426 1588 1504 1627; x_wconf 81' lang='lat' dir='ltr'>saeva</span> <span class='ocrx_word' id='word_1_610' title='bbox 1516 1589 1636 1632; x_wconf 71' lang='lat' dir='ltr'>potestas.</span> <span class='ocrx_word' id='word_1_611' title='bbox 1670 1586 1845 1619; x_wconf 85' lang='lat' dir='ltr'>Meminere</span> <span class='ocrx_word' id='word_1_612' title='bbox 1856 1586 1910 1620; x_wconf 88' lang='lat' dir='ltr'>hu-</span> 
     </span>
     <span class='ocr_line' id='line_1_100' title="bbox 1165 1633 1910 1682; baseline -0.003 -12"><span class='ocrx_word' id='word_1_613' title='bbox 1165 1635 1214 1682; x_wconf 90' lang='lat' dir='ltr'>jus</span> <span class='ocrx_word' id='word_1_614' title='bbox 1237 1636 1320 1678; x_wconf 87' lang='lat' dir='ltr'>ritus,</span> <span class='ocrx_word' id='word_1_615' title='bbox 1343 1639 1374 1669; x_wconf 88' lang='lat'>&amp;</span> <span class='ocrx_word' id='word_1_616' title='bbox 1393 1638 1557 1681; x_wconf 81' lang='lat' dir='ltr'>Augustinus</span> <span class='ocrx_word' id='word_1_617' title='bbox 1578 1634 1616 1667; x_wconf 89' lang='lat' dir='ltr'>de</span> <span class='ocrx_word' id='word_1_618' title='bbox 1627 1633 1765 1680; x_wconf 79' lang='lat' dir='ltr'>Nuptiis,</span> <span class='ocrx_word' id='word_1_619' title='bbox 1791 1633 1811 1668; x_wconf 90' lang='lat' dir='ltr'>l.</span> <span class='ocrx_word' id='word_1_620' title='bbox 1826 1647 1857 1668; x_wconf 82' lang='lat'>2.</span> <span class='ocrx_word' id='word_1_621' title='bbox 1884 1647 1910 1668; x_wconf 92' lang='lat' dir='ltr'>c.</span> 
     </span>
     <span class='ocr_line' id='line_1_101' title="bbox 1176 1682 1907 1730; baseline -0.003 -11"><span class='ocrx_word' id='word_1_622' title='bbox 1176 1685 1232 1720; x_wconf 81' lang='lat'>18.</span> <span class='ocrx_word' id='word_1_623' title='bbox 1245 1688 1276 1719; x_wconf 91' lang='lat'>&amp;</span> <span class='ocrx_word' id='word_1_624' title='bbox 1290 1697 1314 1718; x_wconf 85' lang='lat' dir='ltr'>e.</span> <span class='ocrx_word' id='word_1_625' title='bbox 1330 1698 1387 1730; x_wconf 86' lang='lat'>29.</span> <span class='ocrx_word' id='word_1_626' title='bbox 1400 1686 1547 1718; x_wconf 79' lang='lat' dir='ltr'>&amp;contra</span> <span class='ocrx_word' id='word_1_627' title='bbox 1565 1684 1678 1723; x_wconf 74' lang='lat' dir='ltr'>Crescon</span> <span class='ocrx_word' id='word_1_628' title='bbox 1694 1682 1712 1716; x_wconf 89' lang='lat' dir='ltr'>l.</span> <span class='ocrx_word' id='word_1_629' title='bbox 1733 1695 1764 1716; x_wconf 92' lang='lat'>2.</span> <span class='ocrx_word' id='word_1_630' title='bbox 1785 1695 1812 1716; x_wconf 76' lang='lat' dir='ltr'>c.</span> <span class='ocrx_word' id='word_1_631' title='bbox 1828 1695 1857 1729; x_wconf 85' lang='lat'>3.</span> <span class='ocrx_word' id='word_1_632' title='bbox 1875 1686 1907 1717; x_wconf 71' lang='grc' dir='ltr'>δε</span> 
     </span>
     <span class='ocr_line' id='line_1_102' title="bbox 1170 1731 1910 1779; baseline -0.003 -12"><span class='ocrx_word' id='word_1_633' title='bbox 1170 1733 1189 1768; x_wconf 84' lang='lat' dir='ltr'>l.</span> <span class='ocrx_word' id='word_1_634' title='bbox 1205 1747 1232 1767; x_wconf 91' lang='lat'>1.</span> <span class='ocrx_word' id='word_1_635' title='bbox 1250 1733 1287 1766; x_wconf 89' lang='lat' dir='ltr'>de</span> <span class='ocrx_word' id='word_1_636' title='bbox 1306 1731 1451 1779; x_wconf 89' lang='lat' dir='ltr'>Symbolo</span> <span class='ocrx_word' id='word_1_637' title='bbox 1469 1731 1508 1766; x_wconf 87' lang='lat' dir='ltr'>ad</span> <span class='ocrx_word' id='word_1_638' title='bbox 1522 1731 1702 1765; x_wconf 84' lang='lat' dir='ltr'>Catechum.</span> <span class='ocrx_word' id='word_1_639' title='bbox 1719 1743 1745 1764; x_wconf 92' lang='lat' dir='ltr'>c.</span> <span class='ocrx_word' id='word_1_640' title='bbox 1763 1743 1792 1766; x_wconf 89' lang='lat'>1.</span> <span class='ocrx_word' id='word_1_641' title='bbox 1817 1732 1910 1766; x_wconf 89' lang='lat' dir='ltr'>etiam</span> 
     </span>
     <span class='ocr_line' id='line_1_103' title="bbox 1172 1779 1913 1815; baseline -0.001 0"><span class='ocrx_word' id='word_1_642' title='bbox 1172 1785 1204 1815; x_wconf 85' lang='lat'>&amp;</span> <span class='ocrx_word' id='word_1_643' title='bbox 1223 1787 1334 1815; x_wconf 82' lang='lat' dir='ltr'>Severus</span> <span class='ocrx_word' id='word_1_644' title='bbox 1348 1779 1520 1814; x_wconf 83' lang='lat' dir='ltr'>Patriarcha</span> <span class='ocrx_word' id='word_1_645' title='bbox 1544 1779 1575 1812; x_wconf 89' lang='lat' dir='ltr'>in</span> <span class='ocrx_word' id='word_1_646' title='bbox 1594 1780 1775 1815; x_wconf 78' lang='lat' dir='ltr'>Graecorum</span> <span class='ocrx_word' id='word_1_647' title='bbox 1792 1780 1913 1815; x_wconf 78' lang='lat' dir='ltr'>Ritibus</span> 
     </span>
     <span class='ocr_line' id='line_1_104' title="bbox 1174 1829 1464 1875; baseline 0 -12"><span class='ocrx_word' id='word_1_648' title='bbox 1174 1831 1255 1864; x_wconf 86' lang='lat' dir='ltr'>circa</span> <span class='ocrx_word' id='word_1_649' title='bbox 1268 1829 1464 1875; x_wconf 86' lang='lat' dir='ltr'>Baptismum.</span> 
     </span>
    </p>

    <p class='ocr_par' dir='ltr' id='par_1_19' title="bbox 1171 1876 1920 2554">
     <span class='ocr_line' id='line_1_105' title="bbox 1222 1876 1914 1922; baseline -0.003 -10"><span class='ocrx_word' id='word_1_650' title='bbox 1222 1877 1467 1919; x_wconf 80' lang='lat' dir='ltr'>Observandum,</span> <span class='ocrx_word' id='word_1_651' title='bbox 1488 1876 1571 1922; x_wconf 79' lang='lat' dir='ltr'>quod</span> <span class='ocrx_word' id='word_1_652' title='bbox 1588 1877 1657 1911; x_wconf 72' lang='lat' dir='ltr'>cum</span> <span class='ocrx_word' id='word_1_653' title='bbox 1670 1884 1782 1911; x_wconf 80' lang='lat' dir='ltr'>Irenaeus</span> <span class='ocrx_word' id='word_1_654' title='bbox 1790 1876 1914 1911; x_wconf 80' lang='lat' dir='ltr'>vocibus</span> 
     </span>
     <span class='ocr_line' id='line_1_106' title="bbox 1174 1923 1915 1972; baseline -0.001 -12"><span class='ocrx_word' id='word_1_655' title='bbox 1174 1930 1427 1972; x_wconf 65' lang='lat' dir='ltr'>Catathemizantes</span> <span class='ocrx_word' id='word_1_656' title='bbox 1446 1929 1477 1960; x_wconf 75' lang='grc' dir='ltr'>ὅ(</span> <span class='ocrx_word' id='word_1_657' title='bbox 1501 1929 1777 1972; x_wconf 58' lang='lat' dir='ltr'>Anathematizantes</span> <span class='ocrx_word' id='word_1_658' title='bbox 1798 1923 1915 1960; x_wconf 83' lang='lat' dir='ltr'>indiffe-</span> 
     </span>
     <span class='ocr_line' id='line_1_107' title="bbox 1175 1973 1914 2021; baseline -0.001 -13"><span class='ocrx_word' id='word_1_659' title='bbox 1175 1986 1274 2008; x_wconf 87' lang='lat' dir='ltr'>renter</span> <span class='ocrx_word' id='word_1_660' title='bbox 1311 1985 1411 2008; x_wconf 86' lang='lat' dir='ltr'>utatur</span> <span class='ocrx_word' id='word_1_661' title='bbox 1422 1991 1431 2005; x_wconf 88' lang='lat'><em>:</em></span> <span class='ocrx_word' id='word_1_662' title='bbox 1474 1973 1631 2007; x_wconf 88' lang='lat' dir='ltr'>discrimen</span> <span class='ocrx_word' id='word_1_663' title='bbox 1662 1985 1764 2008; x_wconf 83' lang='lat' dir='ltr'>tamen</span> <span class='ocrx_word' id='word_1_664' title='bbox 1792 1973 1914 2021; x_wconf 84' lang='lat' dir='ltr'>aliquod</span> 
     </span>
     <span class='ocr_line' id='line_1_108' title="bbox 1175 2020 1914 2070; baseline 0 -14"><span class='ocrx_word' id='word_1_665' title='bbox 1175 2021 1298 2070; x_wconf 84' lang='lat' dir='ltr'>posuiffe</span> <span class='ocrx_word' id='word_1_666' title='bbox 1318 2023 1451 2055; x_wconf 84' lang='lat' dir='ltr'>intereas</span> <span class='ocrx_word' id='word_1_667' title='bbox 1472 2020 1593 2055; x_wconf 89' lang='lat' dir='ltr'>videtur</span> <span class='ocrx_word' id='word_1_668' title='bbox 1602 2022 1800 2068; x_wconf 73' lang='lat' dir='ltr'>Responfitor</span> <span class='ocrx_word' id='word_1_669' title='bbox 1814 2022 1863 2056; x_wconf 90' lang='lat' dir='ltr'>ille</span> <span class='ocrx_word' id='word_1_670' title='bbox 1874 2021 1914 2056; x_wconf 89' lang='lat' dir='ltr'>ad</span> 
     </span>
     <span class='ocr_line' id='line_1_109' title="bbox 1175 2069 1915 2117; baseline -0.001 -12"><span class='ocrx_word' id='word_1_671' title='bbox 1175 2070 1374 2105; x_wconf 86' lang='lat' dir='ltr'>Orthodoxos</span> <span class='ocrx_word' id='word_1_672' title='bbox 1402 2069 1484 2117; x_wconf 89' lang='lat' dir='ltr'>apud</span> <span class='ocrx_word' id='word_1_673' title='bbox 1502 2073 1641 2112; x_wconf 72' lang='lat' dir='ltr'>Jtfiinum</span> <span class='ocrx_word' id='word_1_674' title='bbox 1658 2075 1830 2114; x_wconf 77' lang='lat' dir='ltr'>Martyrem3</span> <span class='ocrx_word' id='word_1_675' title='bbox 1861 2071 1915 2116; x_wconf 90' lang='lat' dir='ltr'>qui</span> 
     </span>
     <span class='ocr_line' id='line_1_110' title="bbox 1177 2118 1915 2165; baseline -0.001 -12"><span class='ocrx_word' id='word_1_676' title='bbox 1177 2119 1217 2154; x_wconf 78' lang='lat' dir='ltr'>sic</span> <span class='ocrx_word' id='word_1_677' title='bbox 1251 2119 1414 2164; x_wconf 86' lang='lat' dir='ltr'>distinguit.</span> <span class='ocrx_word' id='word_1_678' title='bbox 1461 2121 1616 2152; x_wconf 84' lang='lat' dir='ltr'>Anathema</span> <span class='ocrx_word' id='word_1_679' title='bbox 1645 2118 1658 2162; x_wconf 93' lang='lat'>(</span> <span class='ocrx_word' id='word_1_680' title='bbox 1671 2119 1767 2165; x_wconf 90' lang='lat' dir='ltr'>inquit</span> <span class='ocrx_word' id='word_1_681' title='bbox 1776 2119 1788 2156; x_wconf 70' lang='lat' dir='ltr'>l</span> <span class='ocrx_word' id='word_1_682' title='bbox 1813 2121 1915 2152; x_wconf 80' lang='lat' dir='ltr'>dicitur</span> 
     </span>
     <span class='ocr_line' id='line_1_111' title="bbox 1176 2166 1917 2212; baseline -0.001 -11"><span class='ocrx_word' id='word_1_683' title='bbox 1176 2171 1227 2209; x_wconf 75' lang='lat' dir='ltr'>id,</span> <span class='ocrx_word' id='word_1_684' title='bbox 1257 2170 1326 2212; x_wconf 80' lang='lat' dir='ltr'>quod</span> <span class='ocrx_word' id='word_1_685' title='bbox 1341 2169 1503 2200; x_wconf 62' lang='lat' dir='ltr'>reconditum</span> <span class='ocrx_word' id='word_1_686' title='bbox 1521 2166 1555 2201; x_wconf 82' lang='lat'><em>&amp;</em></span> <span class='ocrx_word' id='word_1_687' title='bbox 1563 2168 1700 2206; x_wconf 60' lang='lat' dir='ltr'>floretum</span> <span class='ocrx_word' id='word_1_688' title='bbox 1724 2170 1761 2209; x_wconf 77' lang='lat' dir='ltr'>est</span> <span class='ocrx_word' id='word_1_689' title='bbox 1778 2172 1847 2209; x_wconf 83' lang='lat' dir='ltr'>Deo,</span> <span class='ocrx_word' id='word_1_690' title='bbox 1868 2181 1917 2200; x_wconf 82' lang='lat' dir='ltr'>nec</span> 
     </span>
     <span class='ocr_line' id='line_1_112' title="bbox 1171 2216 1920 2261; baseline 0 -13"><span class='ocrx_word' id='word_1_691' title='bbox 1171 2220 1234 2259; x_wconf 85' lang='lat' dir='ltr'>jam</span> <span class='ocrx_word' id='word_1_692' title='bbox 1251 2218 1289 2248; x_wconf 85' lang='lat' dir='ltr'>ad</span> <span class='ocrx_word' id='word_1_693' title='bbox 1303 2229 1467 2249; x_wconf 80' lang='lat' dir='ltr'>communem</span> <span class='ocrx_word' id='word_1_694' title='bbox 1492 2216 1564 2256; x_wconf 72' lang='lat' dir='ltr'>usum</span> <span class='ocrx_word' id='word_1_695' title='bbox 1591 2216 1730 2255; x_wconf 81' lang='lat' dir='ltr'>sumitur.-</span> <span class='ocrx_word' id='word_1_696' title='bbox 1755 2226 1803 2248; x_wconf 61' lang='lat' dir='ltr'>alit</span> <span class='ocrx_word' id='word_1_697' title='bbox 1816 2241 1827 2256; x_wconf 88' lang='lat'>,</span> <span class='ocrx_word' id='word_1_698' title='bbox 1850 2217 1920 2261; x_wconf 84' lang='lat' dir='ltr'>quod</span> 
     </span>
     <span class='ocr_line' id='line_1_113' title="bbox 1178 2264 1917 2309; baseline 0.003 -13"><span class='ocrx_word' id='word_1_699' title='bbox 1178 2270 1246 2298; x_wconf 81' lang='lat' dir='ltr'>vitii</span> <span class='ocrx_word' id='word_1_700' title='bbox 1262 2267 1375 2309; x_wconf 79' lang='lat' dir='ltr'>culpaeve</span> <span class='ocrx_word' id='word_1_701' title='bbox 1392 2266 1472 2297; x_wconf 63' lang='lat' dir='ltr'>causti</span> <span class='ocrx_word' id='word_1_702' title='bbox 1494 2264 1513 2296; x_wconf 66' lang='lat' dir='ltr'>ax</span> <span class='ocrx_word' id='word_1_703' title='bbox 1531 2269 1587 2296; x_wconf 88' lang='lat' dir='ltr'>Deo</span> <span class='ocrx_word' id='word_1_704' title='bbox 1605 2264 1785 2297; x_wconf 78' lang='lat' dir='ltr'>abalienatum</span> <span class='ocrx_word' id='word_1_705' title='bbox 1798 2266 1842 2306; x_wconf 74' lang='lat' dir='ltr'>ost.</span> <span class='ocrx_word' id='word_1_706' title='bbox 1863 2270 1917 2298; x_wconf 85' lang='lat' dir='ltr'>Ca·</span> 
     </span>
     <span class='ocr_line' id='line_1_114' title="bbox 1178 2313 1919 2357; baseline 0 -11"><span class='ocrx_word' id='word_1_707' title='bbox 1178 2316 1300 2346; x_wconf 85' lang='lat' dir='ltr'>tathema</span> <span class='ocrx_word' id='word_1_708' title='bbox 1319 2324 1411 2346; x_wconf 86' lang='lat' dir='ltr'>autem</span> <span class='ocrx_word' id='word_1_709' title='bbox 1428 2315 1465 2355; x_wconf 80' lang='lat' dir='ltr'>est</span> <span class='ocrx_word' id='word_1_710' title='bbox 1478 2337 1489 2354; x_wconf 88' lang='lat'>,</span> <span class='ocrx_word' id='word_1_711' title='bbox 1511 2313 1631 2354; x_wconf 76' lang='lat' dir='ltr'>affintiri</span> <span class='ocrx_word' id='word_1_712' title='bbox 1653 2319 1710 2354; x_wconf 74' lang='lat' dir='ltr'>its,</span> <span class='ocrx_word' id='word_1_713' title='bbox 1747 2314 1794 2357; x_wconf 78' lang='lat' dir='ltr'>qui</span> <span class='ocrx_word' id='word_1_714' title='bbox 1807 2315 1919 2346; x_wconf 74' lang='lat' dir='ltr'>anathe-</span> 
     </span>
     <span class='ocr_line' id='line_1_115' title="bbox 1179 2359 1916 2407; baseline -0.001 -11"><span class='ocrx_word' id='word_1_715' title='bbox 1179 2367 1329 2407; x_wconf 59' lang='lat' dir='ltr'>matizant,</span> <span class='ocrx_word' id='word_1_716' title='bbox 1352 2363 1385 2394; x_wconf 76' lang='lat' dir='ltr'>id</span> <span class='ocrx_word' id='word_1_717' title='bbox 1394 2364 1430 2403; x_wconf 69' lang='lat' dir='ltr'>est</span> <span class='ocrx_word' id='word_1_718' title='bbox 1438 2363 1470 2402; x_wconf 69' lang='lat' dir='ltr'>se</span> <span class='ocrx_word' id='word_1_719' title='bbox 1487 2363 1554 2394; x_wconf 83' lang='lat' dir='ltr'>diris</span> <span class='ocrx_word' id='word_1_720' title='bbox 1572 2363 1700 2394; x_wconf 80' lang='lat' dir='ltr'>devovent</span> <span class='ocrx_word' id='word_1_721' title='bbox 1717 2374 1724 2394; x_wconf 92' lang='lat'><strong>:</strong></span> <span class='ocrx_word' id='word_1_722' title='bbox 1762 2359 1802 2393; x_wconf 86' lang='lat' dir='ltr'>fic</span> <span class='ocrx_word' id='word_1_723' title='bbox 1820 2366 1916 2395; x_wconf 83' lang='lat' dir='ltr'>Petrus</span> 
     </span>
     <span class='ocr_line' id='line_1_116' title="bbox 1178 2408 1918 2457; baseline -0.001 -13"><span class='ocrx_word' id='word_1_724' title='bbox 1178 2410 1245 2457; x_wconf 89' lang='lat' dir='ltr'>post</span> <span class='ocrx_word' id='word_1_725' title='bbox 1261 2409 1493 2455; x_wconf 83' lang='lat' dir='ltr'>abnegationem</span> <span class='ocrx_word' id='word_1_726' title='bbox 1507 2408 1630 2449; x_wconf 83' lang='lat' dir='ltr'>Christi,</span> <span class='ocrx_word' id='word_1_727' title='bbox 1652 2409 1708 2442; x_wconf 84' lang='lat' dir='ltr'>sese</span> <span class='ocrx_word' id='word_1_728' title='bbox 1720 2412 1918 2443; x_wconf 75' lang='lat' dir='ltr'>Catathemati—</span> 
     </span>
     <span class='ocr_line' id='line_1_117' title="bbox 1179 2456 1916 2504; baseline -0.003 -12"><span class='ocrx_word' id='word_1_729' title='bbox 1179 2464 1266 2504; x_wconf 52' lang='grc' dir='ltr'><strong>ἴσω).</strong></span> <span class='ocrx_word' id='word_1_730' title='bbox 1296 2457 1375 2491; x_wconf 84' lang='lat' dir='ltr'>Haec</span> <span class='ocrx_word' id='word_1_731' title='bbox 1393 2456 1592 2502; x_wconf 82' lang='lat' dir='ltr'>Responsator</span> <span class='ocrx_word' id='word_1_732' title='bbox 1608 2457 1657 2489; x_wconf 89' lang='lat' dir='ltr'>ille</span> <span class='ocrx_word' id='word_1_733' title='bbox 1669 2457 1700 2490; x_wconf 88' lang='lat' dir='ltr'>in</span> <span class='ocrx_word' id='word_1_734' title='bbox 1718 2457 1916 2503; x_wconf 85' lang='lat' dir='ltr'>explicatione</span> 
     </span>
     <span class='ocr_line' id='line_1_118' title="bbox 1179 2506 1377 2554; baseline -0.015 -13"><span class='ocrx_word' id='word_1_735' title='bbox 1179 2506 1280 2554; x_wconf 80' lang='lat' dir='ltr'>quaest.</span> <span class='ocrx_word' id='word_1_736' title='bbox 1297 2519 1310 2540; x_wconf 94' lang='lat'>1</span> <span class='ocrx_word' id='word_1_737' title='bbox 1320 2518 1341 2539; x_wconf 90' lang='lat'><em>2</em></span> <span class='ocrx_word' id='word_1_738' title='bbox 1349 2518 1362 2539; x_wconf 91' lang='lat'>1</span> <span class='ocrx_word' id='word_1_739' title='bbox 1370 2532 1377 2538; x_wconf 93' lang='lat'>.</span> 
     </span>
    </p>

    <p class='ocr_par' dir='ltr' id='par_1_20' title="bbox 1179 2549 1918 2792">
     <span class='ocr_line' id='line_1_119' title="bbox 1227 2549 1916 2600; baseline -0.007 -9"><span class='ocrx_word' id='word_1_740' title='bbox 1227 2552 1250 2600; x_wconf 61' lang='lat' dir='ltr'>J</span> <span class='ocrx_word' id='word_1_741' title='bbox 1268 2549 1507 2597; x_wconf 60' lang='lat' dir='ltr'>Evindicara]</span> <span class='ocrx_word' id='word_1_742' title='bbox 1531 2555 1677 2599; x_wconf 76' lang='lat' dir='ltr'>Elitigare,</span> <span class='ocrx_word' id='word_1_743' title='bbox 1700 2565 1732 2587; x_wconf 91' lang='lat' dir='ltr'>re</span> <span class='ocrx_word' id='word_1_744' title='bbox 1748 2552 1842 2600; x_wconf 85' lang='lat' dir='ltr'>ligata</span> <span class='ocrx_word' id='word_1_745' title='bbox 1868 2552 1916 2599; x_wconf 87' lang='lat' dir='ltr'>ju-</span> 
     </span>
     <span class='ocr_line' id='line_1_120' title="bbox 1179 2601 1918 2647; baseline -0.003 -10"><span class='ocrx_word' id='word_1_746' title='bbox 1179 2603 1251 2637; x_wconf 89' lang='lat' dir='ltr'>dicis</span> <span class='ocrx_word' id='word_1_747' title='bbox 1272 2602 1413 2637; x_wconf 87' lang='lat' dir='ltr'>sententia</span> <span class='ocrx_word' id='word_1_748' title='bbox 1444 2601 1542 2647; x_wconf 88' lang='lat' dir='ltr'>potiri.</span> <span class='ocrx_word' id='word_1_749' title='bbox 1590 2603 1778 2647; x_wconf 87' lang='lat' dir='ltr'>Praeceptum</span> <span class='ocrx_word' id='word_1_750' title='bbox 1805 2601 1918 2635; x_wconf 87' lang='lat' dir='ltr'>evindi-</span> 
     </span>
     <span class='ocr_line' id='line_1_121' title="bbox 1179 2649 1917 2696; baseline -0.004 -10"><span class='ocrx_word' id='word_1_751' title='bbox 1179 2651 1329 2686; x_wconf 83' lang='lat' dir='ltr'>catoriurn</span> <span class='ocrx_word' id='word_1_752' title='bbox 1347 2650 1451 2684; x_wconf 87' lang='lat' dir='ltr'>Caroli</span> <span class='ocrx_word' id='word_1_753' title='bbox 1465 2650 1555 2696; x_wconf 88' lang='lat' dir='ltr'>Mag.</span> <span class='ocrx_word' id='word_1_754' title='bbox 1572 2650 1603 2683; x_wconf 89' lang='lat' dir='ltr'>in</span> <span class='ocrx_word' id='word_1_755' title='bbox 1621 2649 1917 2684; x_wconf 52' lang='lat' dir='ltr'>ChromLaunilha-</span> 
     </span>
     <span class='ocr_line' id='line_1_122' title="bbox 1179 2697 1917 2744; baseline -0.005 -9"><span class='ocrx_word' id='word_1_756' title='bbox 1179 2700 1271 2735; x_wconf 78' lang='lat' dir='ltr'>mens</span> <span class='ocrx_word' id='word_1_757' title='bbox 1289 2702 1346 2733; x_wconf 87' lang='lat' dir='ltr'>An.</span> <span class='ocrx_word' id='word_1_758' title='bbox 1356 2700 1415 2733; x_wconf 93' lang='lat' dir='ltr'>Dn.</span> <span class='ocrx_word' id='word_1_759' title='bbox 1427 2699 1510 2744; x_wconf 91' lang='lat'><em>776.</em></span> <span class='ocrx_word' id='word_1_760' title='bbox 1528 2699 1618 2732; x_wconf 76' lang='lat' dir='ltr'>Abbas</span> <span class='ocrx_word' id='word_1_761' title='bbox 1634 2699 1731 2731; x_wconf 79' lang='lat' dir='ltr'>habeat</span> <span class='ocrx_word' id='word_1_762' title='bbox 1747 2697 1917 2739; x_wconf 86' lang='lat' dir='ltr'>(Monaste-</span> 
     </span>
     <span class='ocr_line' id='line_1_123' title="bbox 1179 2750 1763 2792; baseline -0.007 -9"><span class='ocrx_word' id='word_1_763' title='bbox 1179 2750 1270 2787; x_wconf 85' lang='lat' dir='ltr'>rium)</span> <span class='ocrx_word' id='word_1_764' title='bbox 1294 2750 1480 2781; x_wconf 84' lang='lat' dir='ltr'>evindicatum</span> <span class='ocrx_word' id='word_1_765' title='bbox 1502 2759 1584 2792; x_wconf 84' lang='lat' dir='ltr'>atque</span> <span class='ocrx_word' id='word_1_766' title='bbox 1602 2750 1763 2792; x_wconf 81' lang='lat' dir='ltr'>elitigatum.</span> 
     </span>
    </p>

    <p class='ocr_par' dir='ltr' id='par_1_21' title="bbox 1181 2794 1917 2891">
     <span class='ocr_line' id='line_1_124' title="bbox 1227 2794 1917 2840; baseline -0.004 -10"><span class='ocrx_word' id='word_1_767' title='bbox 1227 2799 1461 2831; x_wconf 78' lang='lat' dir='ltr'>Evindicatorium</span> <span class='ocrx_word' id='word_1_768' title='bbox 1485 2806 1645 2840; x_wconf 67' lang='lat' dir='ltr'>praeceptum</span> <span class='ocrx_word' id='word_1_769' title='bbox 1664 2820 1674 2836; x_wconf 90' lang='lat'>,</span> <span class='ocrx_word' id='word_1_770' title='bbox 1696 2794 1804 2828; x_wconf 86' lang='lat' dir='ltr'>dicitur</span> <span class='ocrx_word' id='word_1_771' title='bbox 1820 2794 1917 2840; x_wconf 69' lang='lat' dir='ltr'>ipsum</span> 
     </span>
     <span class='ocr_line' id='line_1_125' title="bbox 1181 2843 1917 2891; baseline -0.004 -12"><span class='ocrx_word' id='word_1_772' title='bbox 1181 2845 1316 2891; x_wconf 85' lang='lat' dir='ltr'>diploma</span> <span class='ocrx_word' id='word_1_773' title='bbox 1351 2857 1412 2890; x_wconf 86' lang='lat' dir='ltr'>quo</span> <span class='ocrx_word' id='word_1_774' title='bbox 1445 2846 1605 2877; x_wconf 71' lang='lat' dir='ltr'>evindicatio</span> <span class='ocrx_word' id='word_1_775' title='bbox 1636 2843 1774 2877; x_wconf 88' lang='lat' dir='ltr'>omnium</span> <span class='ocrx_word' id='word_1_776' title='bbox 1802 2843 1917 2877; x_wconf 86' lang='lat' dir='ltr'>notitiae</span> 
     </span>
    </p>
   </div>
   <div class='ocr_carea' id='block_1_11' title="bbox 1179 2893 1920 3132">
    <p class='ocr_par' dir='ltr' id='par_1_22' title="bbox 1179 2893 1344 2928">
     <span class='ocr_line' id='line_1_126' title="bbox 1179 2893 1344 2928; baseline -0.018 0"><span class='ocrx_word' id='word_1_777' title='bbox 1179 2893 1344 2928; x_wconf 85' lang='lat' dir='ltr'>exhibetur.</span> 
     </span>
    </p>

    <p class='ocr_par' dir='ltr' id='par_1_23' title="bbox 1179 2936 1920 3132">
     <span class='ocr_line' id='line_1_127' title="bbox 1230 2936 1920 2987; baseline -0.007 -9"><span class='ocrx_word' id='word_1_778' title='bbox 1230 2936 1465 2987; x_wconf 59' lang='lat' dir='ltr'>{Ezzifizum</span> <span class='ocrx_word' id='word_1_779' title='bbox 1489 2940 1528 2975; x_wconf 87' lang='lat' dir='ltr'>al.</span> <span class='ocrx_word' id='word_1_780' title='bbox 1548 2936 1727 2984; x_wconf 59' lang='lat' dir='ltr'>liz-istan]</span> <span class='ocrx_word' id='word_1_781' title='bbox 1764 2940 1802 2973; x_wconf 77' lang='lat' dir='ltr'>L.</span> <span class='ocrx_word' id='word_1_782' title='bbox 1820 2939 1920 2973; x_wconf 89' lang='lat' dir='ltr'>Boior.</span> 
     </span>
     <span class='ocr_line' id='line_1_128' title="bbox 1179 2986 1918 3037; baseline -0.008 -12"><span class='ocrx_word' id='word_1_783' title='bbox 1179 2990 1248 3025; x_wconf 88' lang='lat' dir='ltr'>Tit.</span> <span class='ocrx_word' id='word_1_784' title='bbox 1263 3004 1295 3037; x_wconf 87' lang='lat'>9.</span> <span class='ocrx_word' id='word_1_785' title='bbox 1306 3002 1369 3036; x_wconf 91' lang='lat' dir='ltr'>cap.</span> <span class='ocrx_word' id='word_1_786' title='bbox 1385 3002 1397 3023; x_wconf 92' lang='lat'>1</span> <span class='ocrx_word' id='word_1_787' title='bbox 1412 3002 1438 3022; x_wconf 89' lang='lat'>1.</span> <span class='ocrx_word' id='word_1_788' title='bbox 1454 2986 1480 3034; x_wconf 82' lang='lat'>§.</span> <span class='ocrx_word' id='word_1_789' title='bbox 1504 3001 1530 3022; x_wconf 89' lang='lat'>1.</span> <span class='ocrx_word' id='word_1_790' title='bbox 1594 2993 1625 3023; x_wconf 77' lang='lat' dir='ltr'>Si</span> <span class='ocrx_word' id='word_1_791' title='bbox 1645 2993 1719 3022; x_wconf 71' lang='lat' dir='ltr'>ulam</span> <span class='ocrx_word' id='word_1_792' title='bbox 1736 2995 1827 3033; x_wconf 66' lang='lat' dir='ltr'>Jesem</span> <span class='ocrx_word' id='word_1_793' title='bbox 1844 3000 1918 3032; x_wconf 80' lang='lat' dir='ltr'>rupe-</span> 
     </span>
     <span class='ocr_line' id='line_1_129' title="bbox 1181 3039 1917 3083; baseline -0.007 -11"><span class='ocrx_word' id='word_1_794' title='bbox 1181 3045 1220 3073; x_wconf 81' lang='lat' dir='ltr'>rit</span> <span class='ocrx_word' id='word_1_795' title='bbox 1233 3043 1277 3072; x_wconf 82' lang='lat' dir='ltr'>vel</span> <span class='ocrx_word' id='word_1_796' title='bbox 1288 3041 1462 3083; x_wconf 73' lang='lat' dir='ltr'>dtffipaverz&#39;t,</span> <span class='ocrx_word' id='word_1_797' title='bbox 1485 3050 1565 3083; x_wconf 76' lang='lat' dir='ltr'>quam</span> <span class='ocrx_word' id='word_1_798' title='bbox 1579 3039 1720 3083; x_wconf 64' lang='lat' dir='ltr'>ezztsczun</span> <span class='ocrx_word' id='word_1_799' title='bbox 1734 3048 1839 3076; x_wconf 82' lang='lat' dir='ltr'>vocant,</span> <span class='ocrx_word' id='word_1_800' title='bbox 1857 3048 1917 3068; x_wconf 80' lang='lat' dir='ltr'>cum</span> 
     </span>
     <span class='ocr_line' id='line_1_130' title="bbox 1179 3088 1523 3132; baseline -0.009 -10"><span class='ocrx_word' id='word_1_801' title='bbox 1179 3102 1232 3122; x_wconf 80' lang='lat' dir='ltr'>uno</span> <span class='ocrx_word' id='word_1_802' title='bbox 1241 3090 1326 3130; x_wconf 77' lang='lat' dir='ltr'>Joliclo</span> <span class='ocrx_word' id='word_1_803' title='bbox 1342 3090 1378 3132; x_wconf 80' lang='lat' dir='ltr'>est</span> <span class='ocrx_word' id='word_1_804' title='bbox 1388 3088 1523 3129; x_wconf 66' lang='lat' dir='ltr'>restitutit).</span> 
     </span>
    </p>
   </div>
   <div class='ocr_carea' id='block_1_12' title="bbox 1506 1506 1631 1514">
    <p class='ocr_par' dir='ltr' id='par_1_24' title="bbox 1506 1506 1631 1514">
     <span class='ocr_line' id='line_1_131' title="bbox 1506 1506 1631 1514; baseline 0 2295"><span class='ocrx_word' id='word_1_805' title='bbox 1506 1506 1631 1514; x_wconf 95' lang='lat' dir='ltr'> </span> 
     </span>
    </p>
   </div>
   <div class='ocr_carea' id='block_1_13' title="bbox 1714 3270 1919 3320">
    <p class='ocr_par' dir='ltr' id='par_1_25' title="bbox 1714 3270 1919 3320">
     <span class='ocr_line' id='line_1_132' title="bbox 1714 3270 1919 3320; baseline 0.01 -11"><span class='ocrx_word' id='word_1_806' title='bbox 1714 3271 1738 3317; x_wconf 61' lang='lat' dir='ltr'><strong>ff</strong></span> <span class='ocrx_word' id='word_1_807' title='bbox 1757 3270 1919 3320; x_wconf 70' lang='lat' dir='ltr'>fabam-J</span> 
     </span>
    </p>
   </div>
   <div class='ocr_carea' id='block_1_14' title="bbox 2218 0 2305 3772">
    <p class='ocr_par' dir='ltr' id='par_1_26' title="bbox 2218 0 2305 3772">
     <span class='ocr_line' id='line_1_133' title="bbox 2218 0 2305 3772; baseline 0 0"><span class='ocrx_word' id='word_1_808' title='bbox 2218 0 2305 3772; x_wconf 95' lang='lat' dir='ltr'> </span> 
     </span>
    </p>
   </div>
  </div>
 </body>
</html>
