2305 3809
2044 213 2105 218 -w
2113 206 2205 222 «ιω-...ᾤ

431 238 433 241 ·
784 215 1050 291 {Praefatio
1086 217 1156 277 ad
1194 217 1474 283 Ιιεὲὶῐονὲιη.Δ

441 339 591 400 gotium
608 333 706 402 noffi·
722 338 937 399 expefiant.
1007 339 1092 400 Qo
1120 352 1241 386 autem
1274 340 1426 406 auspicio
1454 347 1491 389 in
1524 348 1661 392 Lucem
1692 349 1888 410 prodibunt
1924 359 1994 408 (me

440 401 615 470 jamsene
648 403 902 466 propemodum
920 406 1123 472 exhausto)
1158 407 1348 457 Secundus
1367 423 1421 461 (9·
1442 410 1611 473 Tertius,
1644 415 1744 462 haud
1761 418 1876 481 aufim
1887 424 1991 483 palli*-

444 474 518 518 ceri
535 490 545 519 :
596 472 669 536 nifi
694 472 773 520 illos
793 474 858 523 Vir
872 474 1046 532 dilfflus,
1085 486 1137 522 Ψ
1154 477 1258 523 fimo
1270 491 1380 524 natus
1397 478 1568 542 <Publica
1582 483 1797 545 Jeremias
1816 488 1992 551 Stepha-

444 555 543 598 nus,
581 542 682 607 cujus
721 543 840 604 Opera
871 543 1028 588 (Primus
1059 539 1116 585 bic
1145 542 1284 588 Tomus
1319 550 1403 600 (me
1417 547 1535 595 adhuc
1568 562 1711 597 tantum
1730 571 1797 600 non
1827 557 1989 621 invito)

447 609 486 655 in
506 610 647 655 Lucem
684 609 836 671 prodiit,
875 610 949 670 Ope
988 618 1042 654 (ν
1082 607 1232 670 Cbnfilio
1266 610 1481 672 johannis
1520 617 1773 681 Spelmanni
1806 624 1891 670 Filii
1925 631 1993 673 mc'i'

446 676 578 741 (quem
594 676 806 724 Studiorum
830 688 986 722 meorum
1020 675 1233 730 (inutilium
1263 679 1382 744 licet)
1416 683 1620 731 Haeredem
1635 686 1766 749 scribo)
1796 692 1911 759 Typis
1930 712 1993 741 cu·

445 748 592 792 raverit
611 740 846 791 mandandos.

517 810 746 871 Qoniam
765 823 918 856 autem
936 806 991 857 de
1001 805 1165 868 Jeremia
1191 812 1376 878 Stephano
1415 813 1473 863 ab
1498 821 1695 868 Auctore
1727 825 1874 873 nostro
1898 843 1991 876 tam

446 873 686 925 honorifica
717 873 794 924 fiat
809 879 994 939 mentio,
1030 896 1123 929 non
1138 882 1218 927 erit
1231 881 1289 928 ab
1311 881 1515 933 Instituto
1530 886 1677 936 nostro
1698 890 1991 954 aliennm,nec

443 945 639 1004 Leston,
678 959 727 991 ut
752 945 894 1009 spero,
928 949 1170 1011 ingratum,
1191 948 1332 1011 paulo
1351 952 1542 1016 amplius
1559 953 1615 1002 de
1629 955 1710 1004 illo
1725 976 1780 1006 ex
1800 961 1989 1011 Historia

443 1012 647 1080 oxoniensi
664 1011 905 1077 exspatiari.
975 1022 988 1048 ‘
1005 1021 1107 1063 Anno
1137 1020 1223 1066 ¹62
1236 1020 1279 1066 8.
1315 1022 1442 1069 Sacrae
1457 1023 1666 1089 Theologiae
1684 1028 1990 1080 Baccalaurea-

443 1084 457 1106 ‘
478 1095 527 1126 tu
548 1078 799 1131 honestatus
813 1080 874 1130 est
896 1109 908 1140 3
942 1087 1167 1147 Annoque
1194 1088 1335 1149 1641.
1359 1092 1527 1141 Pavore
1561 1097 1608 1141 &
1630 1099 1877 1146 Patrocinio
1907 1104 1991 1147 Ar-

444 1153 459 1176 ‘
480 1146 746 1215 Chiepiscopi
766 1151 896 1213 Laud,
917 1150 1119 1201 Ecclefiae
1152 1156 1413 1225 lincolnienfis·
1464 1158 1791 1212 Praebendarius
1821 1160 1953 1214 fiebat
1974 1186 1990 1228 3

442 1220 458 1244 ‘
477 1233 568 1280 qua
586 1217 771 1280 quidem
790 1222 1021 1286 Dignitate
1040 1236 1220 1285 propter
1249 1228 1448 1288 Operam
1469 1229 1514 1275 in
1546 1229 1719 1279 edendo
1741 1236 1890 1296 primo
1911 1235 1990 1283 illo

442 1289 457 1312 ‘
476 1287 710 1334 Conciliorum
729 1286 990 1350 Volumine‚
1026 1307 1115 1339 una
1133 1307 1238 1338 cum
1260 1297 1430 1342 Henrico
1465 1298 1682 1360 Spelmanno
1709 1304 1869 1364 Equite
1898 1308 1991 1352 Au-

444 1357 587 1415 ίῐειιεο,
622 1352 810 1420 pofitam
831 1395 845 1418 ,
880 1362 1034 1406 auc-stus
1070 1375 1361 1411 memoratur.
1435 1367 1492 1411 Et
1527 1366 1665 1430 paulo
1689 1367 1817 1430 infra,
1856 1378 1991 1421 Anno

444 1426 458 1449 ‘
483 1437 499 1469 ι
513 1426 569 1489 63
582 1440 625 1491 3.
660 1424 981 1475 demandatum
1016 1426 1170 1477 habuit
1187 1431 1359 1479 Henrico
1379 1434 1596 1497 Spelmanno
1618 1438 1768 1500 Equiti
1799 1444 1987 1502 Auram,

441 1492 455 1514 ‘
474 1493 673 1555 primum
692 1497 931 1543 Conciliorum
958 1498 1246 1561 Anglicanorum
1282 1505 1554 1563 contexenti,
1591 1504 1829 1570 Typisque
1863 1526 1990 1556 accu-

442 1563 456 1586 ‘
475 1562 621 1618 tanti,
655 1567 858 1627 Operam
889 1565 1255 1622 accommodare5
1289 1585 1384 1627 quo
1422 1570 1606 1631 quidem
1638 1576 1683 1619 in
1706 1577 1856 1637 Opere
1883 1579 1990 1626 inte*

441 1630 456 1654 ⁶
470 1643 555 1692 gro
569 1624 794 1692 septennio
812 1629 1072 1678 desudatum
1092 1629 1170 1674 est.
1241 1633 1467 1691 Qamvis
1501 1650 1613 1682 vero
1632 1638 1676 1683 id
1697 1643 1858 1701 Operis
1877 1648 1990 1691 Etu-

435 1700 455 1728 -‘
478 1693 734 1740 ditiffimum
749 1696 1009 1757 spelmannum
1022 1711 1105 1758 pro
1124 1696 1321 1744 Auctore
1335 1697 1524 1764 agnosca
1531 1717 1674 1762 t,eum
1688 1719 1837 1756 tamen
1847 1710 1991 1775 Jerem,

437 1762 452 1786 ‘
471 1758 649 1820 Stephani
666 1759 722 1807 de
749 1776 843 1823 quo
875 1777 994 1808 nunc
1027 1765 1201 1828 agimus
1225 1763 1604 1821 lucubrationibus
1641 1772 1843 1839 adjutum
1873 1799 1982 1830 con-

437 1824 581 1874 ‘stat..
631 1829 766 1877 Anno
787 1829 926 1897 1663.
970 1830 1191 1898 Sacrilegii
1228 1832 1486 1899 Historiam,
1522 1843 1984 1905 aSpelmannoinchoa-

436 1896 574 1955 ‘tam,
609 1913 636 1943 a
667 1896 707 1945 {e
739 1914 847 1946 vero
886 1895 1164 1963 absolutam,
1199 1903 1350 1968 Typis
1368 1909 1499 1969 coepit
1538 1909 1766 1973 mandare,
1800 1932 1844 1964 at
1878 1933 1984 1967 vero·

440 1967 455 1990 ‘
474 1979 577 2011 cum
599 1964 764 2014 tardius
792 1966 1123 2032 procuderetur,
1159 1986 1253 2018 tam
1280 1972 1467 2023 Schedas
1503 1974 1725 2040 impressas
1758 2001 1896 2051 quam
1914 1990 1983 2051 ip-

435 2035 450 2059 ‘
465 2032 561 2079 sum
574 2034 920 2101 Autographum
941 2035 1180 2103 absumpfit
1198 2041 1457 2091 Incendium
1472 2044 1581 2096 illud
1608 2047 1870 2115 nefandum,
1887 2074 1982 2119 quo

430 2104 449 2160 Ξ
467 2101 692 2166 integrum
719 2122 835 2168 pene
854 2107 1064 2156 Londinum
1092 2107 1400 2176 conflagravit,
1416 2117 1551 2163 Anno
1574 2118 1714 2168 1666.

501 2172 674 2233 concilia,
715 2185 804 2222 (rc.
840 2175 1022 2224 Tomus
1037 2174 1264 2239 secundus,
1287 2183 1448 2230 Londini
1490 2185 1633 2249 1664.
1688 2191 1760 2236 De
1781 2187 1864 2238 hoc
1887 2191 1980 2240 Voa

429 2236 600 2287 lumine
627 2257 727 2304 quae
747 2239 987 2307 sequuntur
1018 2246 1147 2294 Carolo
1167 2248 1385 2311 spelmanno
1417 2255 1668 2317 Antiquarii
1689 2256 1823 2306 nostri
1843 2278 1897 2307 ex
1914 2265 1978 2310 Fi-

434 2304 498 2354 lio
513 2310 687 2371 Nepoti
709 2326 888 2374 accepta
904 2307 1062 2362 referre
1083 2313 1235 2377 debes,
1259 2319 1427 2367 Lector
1451 2322 1670 2373 Candide.

496 2379 512 2402 ‘
533 2376 744 2425 Tomum
767 2381 1005 2429 Conciliorum
1024 2385 1219 2447 primum
1240 2388 1365 2435 Avus
1398 2406 1523 2437 meus
1554 2389 1643 2454 ipse
1662 2393 1813 2455 edidit,
1849 2398 1977 2460 Judi-=

430 2442 576 2491 ‘cium
613 2444 669 2495 de
705 2446 833 2496 rebus
869 2448 1013 2498 dubiis
1041 2449 1288 2516 saepiuscule
1323 2457 1580 2522 interposuit
1603 2499 1615 2521 ,
1670 2461 1976 2517 Librariorum

428 2514 442 2537 ‘
465 2520 732 2573 memma&
749 2516 920 2580 Lapsus
945 2518 1155 2569 indicavit
1176 2560 1189 2582 ,
1235 2523 1448 2588 notasque
1483 2530 1506 2592 (
1522 2526 1592 2576 hic
1613 2529 1739 2595 illic)
1792 2535 1976 2583 Lectori

430 2579 711 2646 ‘profuturas
745 2583 931 2648 addidit,
964 2586 1034 2637 sed
1051 2587 1131 2639 illo
1146 2606 1290 2640 morte
1334 2596 1357 2656 ζ
1393 2592 1423 2642 fi
1453 2614 1543 2645 non
1565 2602 1665 2648 Deo
1693 2599 1815 2648 aliter
1835 2601 1976 2650 visum

433 2647 588 2716 ‘effet)
625 2653 864 2703 immatura
882 2658 1005 2705 terris
1023 2673 1192 2723 erept03
1227 2658 1319 2709 haec
1351 2667 1504 2713 omnia
1535 2668 1579 2714 in
1601 2669 1762 2716 Tomo
1798 2671 1820 2732 (
1840 2688 1976 2732 quem

428 2721 444 2746 ‘
458 2721 555 2784 J'am
572 2719 749 2783 damus)
788 2719 978 2774 secundo
994 2731 1041 2775 &
1057 2726 1300 2790 posthumo
1319 2730 1625 2782 defiderantur.
1664 2739 1729 2785 Ut
1755 2735 1839 2784 hoc
1854 2739 1979 2786 dam-

432 2790 572 2835 ‘num
594 2786 626 2836 fi
648 2807 739 2838 non
772 2790 828 2840 ad
848 2789 981 2842 affem
998 2832 1011 2854 ,
1047 2813 1101 2843 ex
1124 2811 1245 2860 parte
1258 2812 1409 2849 tamen
1438 2801 1589 2865 aliqua
1615 2803 1799 2851 resarciri
1818 2805 1975 2869 posset,

430 2854 540 2905 ‘Vir
572 2860 785 2921 optimus,
822 2866 871 2910 ὃς
902 2865 1186 2926 Antiquitatis
1221 2865 1531 2931 scientiffimus,
1568 2886 1651 2932 pro
1684 2868 1754 2919 sua
1791 2875 1835 2919 in
1868 2878 1975 2939 Spel-

428 2925 447 2977 f
463 2927 586 2972 manni
603 2928 796 2976 Nomen
810 2935 858 2977 &
878 2931 1229 2995 Rempublicam
1246 2937 1506 2986 Literariam
1528 2939 1857 3003 Benevolentia„
1875 2962 1975 3006 par.¹

431 2989 446 3013 ‘
465 2991 528 3033 tui
556 2991 656 3038 huic
683 2995 782 3056 post
809 3001 1001 3047 Parentis
1033 2997 1176 3048 fatum
1213 3001 1427 3051 nascituro
1454 3004 1709 3054 Obstetricis
1726 3026 1884 3058 manus
1906 3012 1975 3059 ul-
2013 3018 2015 3020 ’

431 3058 446 3083 ‘
465 3069 535 3104 tto
556 3056 765 3119 praestitit‚
802 3064 941 3113 Praelo
961 3072 1011 3114 &
1027 3068 1224 3117 Editioni
1252 3069 1438 3131 praefuit.
1508 3073 1658 3123 Multa
1695 3094 1750 3124 ex
1770 3079 1974 3129 Archivis

433 3122 793 3188 ‘Archiepistopi
833 3129 1034 3179 Ecclefiae
1053 3134 1321 3198 Cantuarienfis
1355 3138 1583 3204 Registris‚
1616 3150 1663 3192 ὃς
1688 3143 1970 3197 Bibliothecae

432 3195 446 3218 ‘
465 3192 684 3241 Cotronianae
703 3193 1027 3261 Manuscriptis,
1064 3198 1237 3251 summa
1251 3220 1354 3252 cum
1376 3205 1619 3273 diligentia,
1655 3211 1841 3263 fideliter
1856 3231 1971 3263 tran-

433 3263 448 3285 ‘
466 3256 642 3323 scripsit,
678 3267 726 3311 &
745 3279 833 3310 una
850 3264 1022 3329 edidit3
1053 3269 1179 3317 itaut
1210 3275 1303 3337 jam
1333 3276 1521 3340 integras
1542 3296 1655 3342 pene
1686 3282 1970 3344 synodorum

402 3329 448 3354 ·⁴‘
462 3330 670 3378 omniurn
713 3332 1021 3383 OErt'tannicarum
1057 3354 1102 3386 et
1151 3337 1532 3393 Constitutionum
1575 3348 1968 3401 Ecclefiasticarum

431 3396 447 3468 ζ
467 3394 711 3466 PandeEtas
729 3397 936 3453 ssfitanniae
951 3424 953 3427 ·
971 3404 1055 3454 suae
1075 3404 1243 3455 dederit
1275 3412 1403 3459 Avus
1422 3431 1546 3462 meus
1566 3432 1584 3477 3
1618 3419 1662 3464 in
1680 3417 1842 3481 quibus
1864 3422 1967 3468 Ma-

1260 3493 1287 3544 t:
1798 3492 1809 3513 ‘
1826 3489 1971 3550 jorum
