<?xml version="1.0" encoding="UTF-8"?>
<!DOCTYPE html PUBLIC "-//W3C//DTD XHTML 1.0 Transitional//EN"
    "http://www.w3.org/TR/xhtml1/DTD/xhtml1-transitional.dtd">
<html xmlns="http://www.w3.org/1999/xhtml" xml:lang="en" lang="en">
 <head>
  <title>
</title>
<meta http-equiv="Content-Type" content="text/html;charset=utf-8" />
  <meta name='ocr-system' content='tesseract 3.04.00' />
  <meta name='ocr-capabilities' content='ocr_page ocr_carea ocr_par ocr_line ocrx_word'/>
</head>
<body>
  <div class='ocr_page' id='page_1' title='image "./glossariumarchia00spel_0062.png"; bbox 0 0 2305 3809; ppageno 0'>
   <div class='ocr_carea' id='block_1_1' title="bbox 198 167 2175 205">
    <p class='ocr_par' dir='ltr' id='par_1_1' title="bbox 198 167 2175 205">
     <span class='ocr_line' id='line_1_1' title="bbox 198 167 2175 205; baseline -0.006 -15"><span class='ocrx_word' id='word_1_1' title='bbox 198 167 2175 205; x_wconf 48' lang='lat' dir='ltr'><strong>W—</strong></span> 
     </span>
    </p>
   </div>
   <div class='ocr_carea' id='block_1_2' title="bbox 292 222 371 294">
    <p class='ocr_par' dir='ltr' id='par_1_2' title="bbox 292 222 371 294">
     <span class='ocr_line' id='line_1_2' title="bbox 292 222 371 294; baseline 0 -19"><span class='ocrx_word' id='word_1_2' title='bbox 292 222 371 294; x_wconf 72' lang='lat'><strong>36</strong></span> 
     </span>
    </p>
   </div>
   <div class='ocr_carea' id='block_1_3' title="bbox 205 294 2186 320">
    <p class='ocr_par' dir='ltr' id='par_1_3' title="bbox 205 294 2186 320">
     <span class='ocr_line' id='line_1_3' title="bbox 205 294 2186 320; baseline 0 3489"><span class='ocrx_word' id='word_1_3' title='bbox 205 294 2186 320; x_wconf 95' lang='lat' dir='ltr'><strong> </strong></span> 
     </span>
    </p>
   </div>
   <div class='ocr_carea' id='block_1_4' title="bbox 247 2799 384 2831">
    <p class='ocr_par' dir='ltr' id='par_1_4' title="bbox 247 2799 384 2831">
     <span class='ocr_line' id='line_1_4' title="bbox 247 2799 384 2831; baseline -0.029 0"><span class='ocrx_word' id='word_1_4' title='bbox 247 2799 384 2831; x_wconf 64' lang='lat' dir='ltr'><strong>APPellare.</strong></span> 
     </span>
    </p>
   </div>
   <div class='ocr_carea' id='block_1_5' title="bbox 940 208 1470 293">
    <p class='ocr_par' dir='ltr' id='par_1_5' title="bbox 940 208 1470 293">
     <span class='ocr_line' id='line_1_5' title="bbox 940 208 1470 293; baseline -0.004 -23"><span class='ocrx_word' id='word_1_5' title='bbox 940 208 1149 270; x_wconf 74' lang='lat' dir='ltr'><strong>Hearicz‘</strong></span> <span class='ocrx_word' id='word_1_6' title='bbox 1196 208 1470 293; x_wconf 74' lang='lat' dir='ltr'><strong>Spelmannz‘</strong></span> 
     </span>
    </p>
   </div>
   <div class='ocr_carea' id='block_1_6' title="bbox 420 329 1170 709">
    <p class='ocr_par' dir='ltr' id='par_1_6' title="bbox 420 329 1170 709">
     <span class='ocr_line' id='line_1_6' title="bbox 469 329 1162 383; baseline -0.012 -13"><span class='ocrx_word' id='word_1_7' title='bbox 469 340 600 383; x_wconf 68' lang='lat' dir='ltr'><em>Apfiolus</em></span> <span class='ocrx_word' id='word_1_8' title='bbox 617 349 672 383; x_wconf 88' lang='lat' dir='ltr'><strong>pro</strong></span> <span class='ocrx_word' id='word_1_9' title='bbox 690 334 779 369; x_wconf 82' lang='lat' dir='ltr'><strong>claffis</strong></span> <span class='ocrx_word' id='word_1_10' title='bbox 801 329 962 373; x_wconf 70' lang='lat' dir='ltr'><strong>Praefe&amp;0‚</strong></span> <span class='ocrx_word' id='word_1_11' title='bbox 984 331 1035 365; x_wconf 79' lang='grc' dir='ltr'><strong>ίὲυ</strong></span> <span class='ocrx_word' id='word_1_12' title='bbox 1055 330 1162 363; x_wconf 90' lang='lat' dir='ltr'><strong>Admi-</strong></span> 
     </span>
     <span class='ocr_line' id='line_1_7' title="bbox 424 378 1164 430; baseline -0.012 -11"><span class='ocrx_word' id='word_1_13' title='bbox 424 386 506 419; x_wconf 80' lang='lat' dir='ltr'><strong>ralio.</strong></span> <span class='ocrx_word' id='word_1_14' title='bbox 529 385 614 419; x_wconf 87' lang='lat' dir='ltr'><strong>Nam</strong></span> <span class='ocrx_word' id='word_1_15' title='bbox 627 385 670 418; x_wconf 88' lang='lat' dir='ltr'><strong>uti</strong></span> <span class='ocrx_word' id='word_1_16' title='bbox 687 382 766 430; x_wconf 87' lang='lat' dir='ltr'><strong>apud</strong></span> <span class='ocrx_word' id='word_1_17' title='bbox 776 383 941 421; x_wconf 83' lang='lat' dir='ltr'><strong>Romanos,</strong></span> <span class='ocrx_word' id='word_1_18' title='bbox 954 378 1051 413; x_wconf 67' lang='lat' dir='ltr'><strong>dietus</strong></span> <span class='ocrx_word' id='word_1_19' title='bbox 1069 378 1111 412; x_wconf 87' lang='lat' dir='ltr'><strong>est</strong></span> <span class='ocrx_word' id='word_1_20' title='bbox 1124 383 1164 410; x_wconf 88' lang='grc' dir='ltr'><strong>Ε-</strong></span> 
     </span>
     <span class='ocr_line' id='line_1_8' title="bbox 420 425 1165 479; baseline -0.012 -13"><span class='ocrx_word' id='word_1_21' title='bbox 420 435 534 479; x_wconf 73' lang='lat' dir='ltr'><strong>piscopus</strong></span> <span class='ocrx_word' id='word_1_22' title='bbox 555 432 606 476; x_wconf 80' lang='lat' dir='ltr'><strong>qui</strong></span> <span class='ocrx_word' id='word_1_23' title='bbox 632 444 692 465; x_wconf 79' lang='lat' dir='ltr'><strong>orae</strong></span> <span class='ocrx_word' id='word_1_24' title='bbox 706 430 863 464; x_wconf 73' lang='lat' dir='ltr'><strong>masitimae</strong></span> <span class='ocrx_word' id='word_1_25' title='bbox 888 426 1082 474; x_wconf 78' lang='lat' dir='ltr'>prospiciebat</span> <span class='ocrx_word' id='word_1_26' title='bbox 1104 425 1165 469; x_wconf 86' lang='lat' dir='ltr'><strong>(ut</strong></span> 
     </span>
     <span class='ocr_line' id='line_1_9' title="bbox 429 473 1167 527; baseline -0.014 -12"><span class='ocrx_word' id='word_1_27' title='bbox 429 483 514 527; x_wconf 83' lang='lat' dir='ltr'><strong>supra</strong></span> <span class='ocrx_word' id='word_1_28' title='bbox 522 479 702 514; x_wconf 85' lang='lat' dir='ltr'><strong>ostendimus</strong></span> <span class='ocrx_word' id='word_1_29' title='bbox 716 479 746 511; x_wconf 86' lang='lat' dir='ltr'><strong>in</strong></span> <span class='ocrx_word' id='word_1_30' title='bbox 756 476 933 510; x_wconf 80' lang='lat' dir='ltr'><strong>Admirallio</strong></span> <span class='ocrx_word' id='word_1_31' title='bbox 944 477 956 512; x_wconf 89' lang='lat'><em>)</em></span> <span class='ocrx_word' id='word_1_32' title='bbox 980 475 1022 507; x_wconf 89' lang='lat' dir='ltr'><strong>ita</strong></span> <span class='ocrx_word' id='word_1_33' title='bbox 1040 473 1167 506; x_wconf 78' lang='lat' dir='ltr'>Athenis</span> 
     </span>
     <span class='ocr_line' id='line_1_10' title="bbox 429 522 1169 575; baseline -0.012 -12"><span class='ocrx_word' id='word_1_34' title='bbox 429 529 592 575; x_wconf 82' lang='lat' dir='ltr'><strong>appellatus</strong></span> <span class='ocrx_word' id='word_1_35' title='bbox 632 527 674 561; x_wconf 84' lang='lat' dir='ltr'><strong>est</strong></span> <span class='ocrx_word' id='word_1_36' title='bbox 713 526 857 561; x_wconf 62' lang='grc' dir='ltr'>εἰπόςολΘ-</span> <span class='ocrx_word' id='word_1_37' title='bbox 886 522 939 568; x_wconf 87' lang='lat' dir='ltr'><strong>qui</strong></span> <span class='ocrx_word' id='word_1_38' title='bbox 972 533 1077 555; x_wconf 85' lang='lat' dir='ltr'><strong>curam</strong></span> <span class='ocrx_word' id='word_1_39' title='bbox 1116 534 1169 554; x_wconf 83' lang='lat' dir='ltr'><strong>iia-</strong></span> 
     </span>
     <span class='ocr_line' id='line_1_11' title="bbox 430 569 1170 622; baseline -0.012 -12"><span class='ocrx_word' id='word_1_40' title='bbox 430 578 506 622; x_wconf 81' lang='lat' dir='ltr'><strong>vigii</strong></span> <span class='ocrx_word' id='word_1_41' title='bbox 548 576 690 622; x_wconf 80' lang='lat' dir='ltr'><strong>gerebat,</strong></span> <span class='ocrx_word' id='word_1_42' title='bbox 731 576 763 606; x_wconf 88' lang='lat'>&amp;</span> <span class='ocrx_word' id='word_1_43' title='bbox 806 569 935 607; x_wconf 69' lang='grc' dir='ltr'>αἷπυςόλοι</span> <span class='ocrx_word' id='word_1_44' title='bbox 971 573 1087 614; x_wconf 72' lang='lat' dir='ltr'><strong>cbaffium</strong></span> <span class='ocrx_word' id='word_1_45' title='bbox 1123 580 1170 614; x_wconf 87' lang='lat' dir='ltr'><strong>ap-</strong></span> 
     </span>
     <span class='ocr_line' id='line_1_12' title="bbox 425 616 1168 670; baseline -0.009 -12"><span class='ocrx_word' id='word_1_46' title='bbox 425 637 548 670; x_wconf 81' lang='lat' dir='ltr'><strong>paratus,</strong></span> <span class='ocrx_word' id='word_1_47' title='bbox 588 621 811 668; x_wconf 70' lang='lat' dir='ltr'><strong>expeditioncsqne</strong></span> <span class='ocrx_word' id='word_1_48' title='bbox 837 624 981 653; x_wconf 81' lang='lat' dir='ltr'><strong>maritimae</strong></span> <span class='ocrx_word' id='word_1_49' title='bbox 994 644 1004 660; x_wconf 91' lang='lat'><strong>,</strong></span> <span class='ocrx_word' id='word_1_50' title='bbox 1046 618 1104 652; x_wconf 66' lang='lat' dir='ltr'><strong>bsai?</strong></span> <span class='ocrx_word' id='word_1_51' title='bbox 1135 616 1168 650; x_wconf 61' lang='grc' dir='ltr'><strong>αἱ</strong></span> 
     </span>
     <span class='ocr_line' id='line_1_13' title="bbox 435 673 507 709; baseline 0.042 -7"><span class='ocrx_word' id='word_1_52' title='bbox 435 673 507 709; x_wconf 59' lang='lat' dir='ltr'><strong>qim.</strong></span> 
     </span>
    </p>
   </div>
   <div class='ocr_carea' id='block_1_7' title="bbox 1210 328 1963 712">
    <p class='ocr_par' dir='ltr' id='par_1_7' title="bbox 1210 328 1963 712">
     <span class='ocr_line' id='line_1_14' title="bbox 1210 328 1956 378; baseline -0.004 -13"><span class='ocrx_word' id='word_1_53' title='bbox 1210 332 1330 378; x_wconf 82' lang='lat' dir='ltr'><strong>pinamr</strong></span> <span class='ocrx_word' id='word_1_54' title='bbox 1347 330 1387 367; x_wconf 89' lang='lat' dir='ltr'><strong>ab</strong></span> <span class='ocrx_word' id='word_1_55' title='bbox 1406 331 1529 377; x_wconf 84' lang='lat' dir='ltr'><strong>antiquo</strong></span> <span class='ocrx_word' id='word_1_56' title='bbox 1549 329 1694 364; x_wconf 87' lang='lat' dir='ltr'><strong>Francioo</strong></span> <span class='ocrx_word' id='word_1_57' title='bbox 1710 330 1857 371; x_wconf 69' lang='lat' dir='ltr'><strong>abimum,</strong></span> <span class='ocrx_word' id='word_1_58' title='bbox 1870 329 1901 362; x_wconf 84' lang='lat' dir='ltr'><strong>id</strong></span> <span class='ocrx_word' id='word_1_59' title='bbox 1913 328 1956 362; x_wconf 87' lang='lat' dir='ltr'><strong>est</strong></span> 
     </span>
     <span class='ocr_line' id='line_1_15' title="bbox 1212 377 1957 426; baseline -0.007 -12"><span class='ocrx_word' id='word_1_60' title='bbox 1212 379 1388 414; x_wconf 79' lang='lat' dir='ltr'><strong>excludere:</strong></span> <span class='ocrx_word' id='word_1_61' title='bbox 1412 378 1494 426; x_wconf 74' lang='lat' dir='ltr'><strong>quod</strong></span> <span class='ocrx_word' id='word_1_62' title='bbox 1512 388 1634 424; x_wconf 85' lang='lat' dir='ltr'><strong>accepta</strong></span> <span class='ocrx_word' id='word_1_63' title='bbox 1651 389 1687 410; x_wconf 89' lang='lat' dir='ltr'><strong>ea</strong></span> <span class='ocrx_word' id='word_1_64' title='bbox 1709 377 1847 423; x_wconf 84' lang='lat' dir='ltr'>portione</span> <span class='ocrx_word' id='word_1_65' title='bbox 1860 403 1870 419; x_wconf 79' lang='lat'><strong>,</strong></span> <span class='ocrx_word' id='word_1_66' title='bbox 1906 392 1957 410; x_wconf 79' lang='lat' dir='ltr'><strong>ex-</strong></span> 
     </span>
     <span class='ocr_line' id='line_1_16' title="bbox 1214 427 1957 474; baseline -0.004 -14"><span class='ocrx_word' id='word_1_67' title='bbox 1214 429 1290 468; x_wconf 70' lang='lat' dir='ltr'><strong>cluffis</strong></span> <span class='ocrx_word' id='word_1_68' title='bbox 1308 428 1445 474; x_wconf 85' lang='lat' dir='ltr'><strong>(inquit)</strong></span> <span class='ocrx_word' id='word_1_69' title='bbox 1460 429 1491 469; x_wconf 75' lang='lat' dir='ltr'><strong>fi&#39;</strong></span> <span class='ocrx_word' id='word_1_70' title='bbox 1516 428 1534 460; x_wconf 70' lang='lat' dir='ltr'><strong>a</strong></span> <span class='ocrx_word' id='word_1_71' title='bbox 1552 432 1637 472; x_wconf 75' lang='lat' dir='ltr'><strong>Regni</strong></span> <span class='ocrx_word' id='word_1_72' title='bbox 1652 427 1803 469; x_wconf 70' lang='lat' dir='ltr'><strong>fitcceffione</strong></span> <span class='ocrx_word' id='word_1_73' title='bbox 1826 429 1957 471; x_wconf 82' lang='lat' dir='ltr'><em>intellige-</em></span> 
     </span>
     <span class='ocr_line' id='line_1_17' title="bbox 1215 473 1958 521; baseline -0.001 -15"><span class='ocrx_word' id='word_1_74' title='bbox 1215 486 1282 507; x_wconf 83' lang='lat' dir='ltr'><strong>rent.</strong></span> <span class='ocrx_word' id='word_1_75' title='bbox 1293 476 1471 521; x_wconf 89' lang='lat' dir='ltr'><strong>Choppinus</strong></span> <span class='ocrx_word' id='word_1_76' title='bbox 1484 475 1614 510; x_wconf 84' lang='lat' dir='ltr'><strong>Paulum</strong></span> <span class='ocrx_word' id='word_1_77' title='bbox 1625 473 1799 519; x_wconf 78' lang='lat' dir='ltr'><strong>AEmyfium</strong></span> <span class='ocrx_word' id='word_1_78' title='bbox 1811 473 1958 519; x_wconf 75' lang='lat' dir='ltr'><strong>sequutus,</strong></span> 
     </span>
     <span class='ocr_line' id='line_1_18' title="bbox 1217 521 1957 567; baseline -0.001 -13"><span class='ocrx_word' id='word_1_79' title='bbox 1217 521 1308 567; x_wconf 72' lang='lat' dir='ltr'><strong>longe</strong></span> <span class='ocrx_word' id='word_1_80' title='bbox 1319 521 1424 564; x_wconf 75' lang='lat' dir='ltr'><strong>aliter3</strong></span> <span class='ocrx_word' id='word_1_81' title='bbox 1446 525 1495 556; x_wconf 89' lang='lat' dir='ltr'><strong>De</strong></span> <span class='ocrx_word' id='word_1_82' title='bbox 1516 523 1669 558; x_wconf 86' lang='lat' dir='ltr'><strong>Domanio</strong></span> <span class='ocrx_word' id='word_1_83' title='bbox 1688 524 1714 556; x_wconf 92' lang='lat' dir='ltr'>F</span> <span class='ocrx_word' id='word_1_84' title='bbox 1715 521 1833 562; x_wconf 78' lang='lat' dir='ltr'><strong>ranciae,</strong></span> <span class='ocrx_word' id='word_1_85' title='bbox 1852 521 1900 554; x_wconf 83' lang='lat' dir='ltr'><strong>lib.</strong></span> <span class='ocrx_word' id='word_1_86' title='bbox 1930 534 1957 554; x_wconf 90' lang='lat'><strong>1.</strong></span> 
     </span>
     <span class='ocr_line' id='line_1_19' title="bbox 1217 571 1960 618; baseline -0.003 -15"><span class='ocrx_word' id='word_1_87' title='bbox 1217 583 1281 618; x_wconf 86' lang='lat' dir='ltr'><strong>cap.</strong></span> <span class='ocrx_word' id='word_1_88' title='bbox 1301 571 1333 604; x_wconf 85' lang='lat'><strong>6.</strong></span> <span class='ocrx_word' id='word_1_89' title='bbox 1357 573 1503 604; x_wconf 83' lang='lat' dir='ltr'><strong>Balduinus</strong></span> <span class='ocrx_word' id='word_1_90' title='bbox 1530 574 1652 613; x_wconf 62' lang='lat' dir='ltr'><strong>Flamin,</strong></span> <span class='ocrx_word' id='word_1_91' title='bbox 1678 571 1875 616; x_wconf 55' lang='lat' dir='ltr'><strong>quamprimum</strong></span> <span class='ocrx_word' id='word_1_92' title='bbox 1896 576 1960 602; x_wconf 74' lang='lat' dir='ltr'><strong>Ori-</strong></span> 
     </span>
     <span class='ocr_line' id='line_1_20' title="bbox 1219 619 1962 664; baseline -0.003 -13"><span class='ocrx_word' id='word_1_93' title='bbox 1219 625 1288 651; x_wconf 81' lang='lat' dir='ltr'><strong>entis</strong></span> <span class='ocrx_word' id='word_1_94' title='bbox 1317 624 1461 664; x_wconf 84' lang='lat' dir='ltr'><em>Imperator</em></span> <span class='ocrx_word' id='word_1_95' title='bbox 1488 619 1619 657; x_wconf 67' lang='lat' dir='ltr'><strong>salutatus</strong></span> <span class='ocrx_word' id='word_1_96' title='bbox 1648 623 1684 663; x_wconf 83' lang='lat' dir='ltr'><strong>est</strong></span> <span class='ocrx_word' id='word_1_97' title='bbox 1712 620 1730 652; x_wconf 72' lang='grc' dir='ltr'><em>ὰ</em></span> <span class='ocrx_word' id='word_1_98' title='bbox 1748 624 1858 651; x_wconf 79' lang='lat' dir='ltr'><strong>Francis</strong></span> <span class='ocrx_word' id='word_1_99' title='bbox 1872 630 1962 663; x_wconf 74' lang='lat' dir='ltr'><strong>procc-</strong></span> 
     </span>
     <span class='ocr_line' id='line_1_21' title="bbox 1220 668 1963 712; baseline -0.003 -12"><span class='ocrx_word' id='word_1_100' title='bbox 1220 668 1303 709; x_wconf 83' lang='lat' dir='ltr'><strong>ribus,</strong></span> <span class='ocrx_word' id='word_1_101' title='bbox 1327 673 1374 712; x_wconf 83' lang='lat' dir='ltr'><strong>qui</strong></span> <span class='ocrx_word' id='word_1_102' title='bbox 1390 669 1507 699; x_wconf 80' lang='lat' dir='ltr'><strong>Thractae</strong></span> <span class='ocrx_word' id='word_1_103' title='bbox 1529 669 1705 710; x_wconf 79' lang='lat' dir='ltr'><strong>expeditionis</strong></span> <span class='ocrx_word' id='word_1_104' title='bbox 1727 669 1768 699; x_wconf 74' lang='lat' dir='ltr'><strong>illi</strong></span> <span class='ocrx_word' id='word_1_105' title='bbox 1787 673 1894 699; x_wconf 80' lang='lat' dir='ltr'><em>comites</em></span> <span class='ocrx_word' id='word_1_106' title='bbox 1916 669 1963 698; x_wconf 82' lang='lat' dir='ltr'><strong>ad-</strong></span> 
     </span>
    </p>
   </div>
   <div class='ocr_carea' id='block_1_8' title="bbox 433 713 1966 813">
    <p class='ocr_par' dir='ltr' id='par_1_8' title="bbox 433 713 1966 813">
     <span class='ocr_line' id='line_1_22' title="bbox 477 713 1963 763; baseline -0.005 -9"><span class='ocrx_word' id='word_1_107' title='bbox 477 719 513 761; x_wconf 59' lang='grc' dir='ltr'><strong>ἽῙ</strong></span> <span class='ocrx_word' id='word_1_108' title='bbox 537 713 783 763; x_wconf 72' lang='lat' dir='ltr'><strong>Apothecarit&#39;·]</strong></span> <span class='ocrx_word' id='word_1_109' title='bbox 826 715 1082 756; x_wconf 83' lang='lat' dir='ltr'><strong>Ratiocinatores,</strong></span> <span class='ocrx_word' id='word_1_110' title='bbox 1104 725 1174 760; x_wconf 87' lang='lat' dir='ltr'><strong>pro-</strong></span> <span class='ocrx_word' id='word_1_111' title='bbox 1214 720 1347 757; x_wconf 82' lang='lat' dir='ltr'><strong>fuerant,</strong></span> <span class='ocrx_word' id='word_1_112' title='bbox 1373 717 1487 759; x_wconf 82' lang='lat' dir='ltr'><strong>singulis</strong></span> <span class='ocrx_word' id='word_1_113' title='bbox 1512 716 1586 746; x_wconf 83' lang='lat' dir='ltr'><em>dedit</em></span> <span class='ocrx_word' id='word_1_114' title='bbox 1614 716 1740 747; x_wconf 78' lang='lat' dir='ltr'><strong>Thracias</strong></span> <span class='ocrx_word' id='word_1_115' title='bbox 1764 718 1886 755; x_wconf 76' lang='lat' dir='ltr'><strong>ditiones,</strong></span> <span class='ocrx_word' id='word_1_116' title='bbox 1909 718 1963 759; x_wconf 78' lang='lat' dir='ltr'><strong>lege</strong></span> 
     </span>
     <span class='ocr_line' id='line_1_23' title="bbox 433 762 1966 813; baseline -0.003 -14"><span class='ocrx_word' id='word_1_117' title='bbox 433 776 589 800; x_wconf 80' lang='lat' dir='ltr'>curatores.</span> <span class='ocrx_word' id='word_1_118' title='bbox 625 765 717 813; x_wconf 87' lang='lat' dir='ltr'><strong>Angl.</strong></span> <span class='ocrx_word' id='word_1_119' title='bbox 752 767 937 808; x_wconf 56' lang='grc' dir='ltr'><strong>βῐίωπῧβ.</strong></span> <span class='ocrx_word' id='word_1_120' title='bbox 959 762 1074 798; x_wconf 82' lang='lat' dir='ltr'><strong>COncil.</strong></span> <span class='ocrx_word' id='word_1_121' title='bbox 1098 764 1174 796; x_wconf 81' lang='lat' dir='ltr'><strong>Car-</strong></span> <span class='ocrx_word' id='word_1_122' title='bbox 1223 768 1272 798; x_wconf 84' lang='lat' dir='ltr'><strong>hac</strong></span> <span class='ocrx_word' id='word_1_123' title='bbox 1290 765 1457 804; x_wconf 82' lang='lat' dir='ltr'><strong>beneficiaria</strong></span> <span class='ocrx_word' id='word_1_124' title='bbox 1470 787 1480 804; x_wconf 89' lang='lat'>‚</span> <span class='ocrx_word' id='word_1_125' title='bbox 1502 773 1534 794; x_wconf 81' lang='lat' dir='ltr'><strong>ut</strong></span> <span class='ocrx_word' id='word_1_126' title='bbox 1569 773 1695 807; x_wconf 79' lang='lat' dir='ltr'><strong>quartum</strong></span> <span class='ocrx_word' id='word_1_127' title='bbox 1712 773 1821 805; x_wconf 83' lang='lat' dir='ltr'><strong>partem</strong></span> <span class='ocrx_word' id='word_1_128' title='bbox 1847 767 1966 808; x_wconf 64' lang='lat' dir='ltr'><strong>veffiga-</strong></span> 
     </span>
    </p>
   </div>
   <div class='ocr_carea' id='block_1_9' title="bbox 435 814 698 859">
    <p class='ocr_par' dir='ltr' id='par_1_9' title="bbox 435 814 698 859">
     <span class='ocr_line' id='line_1_24' title="bbox 435 814 698 859; baseline 0 -11"><span class='ocrx_word' id='word_1_129' title='bbox 435 814 518 859; x_wconf 77' lang='lat' dir='ltr'><strong>thag.</strong></span> <span class='ocrx_word' id='word_1_130' title='bbox 537 827 564 848; x_wconf 92' lang='lat'><strong>1.</strong></span> <span class='ocrx_word' id='word_1_131' title='bbox 582 826 645 848; x_wconf 89' lang='lat' dir='ltr'><strong>can.</strong></span> <span class='ocrx_word' id='word_1_132' title='bbox 665 827 698 859; x_wconf 87' lang='lat'><strong>9.</strong></span> 
     </span>
    </p>
   </div>
   <div class='ocr_carea' id='block_1_10' title="bbox 1223 811 1967 858">
    <p class='ocr_par' dir='ltr' id='par_1_10' title="bbox 1223 811 1967 858">
     <span class='ocr_line' id='line_1_25' title="bbox 1223 811 1967 858; baseline -0.004 -12"><span class='ocrx_word' id='word_1_133' title='bbox 1223 817 1290 846; x_wconf 84' lang='lat' dir='ltr'><strong>lium</strong></span> <span class='ocrx_word' id='word_1_134' title='bbox 1301 813 1466 858; x_wconf 73' lang='lat' dir='ltr'><strong>publicorum</strong></span> <span class='ocrx_word' id='word_1_135' title='bbox 1492 811 1553 852; x_wconf 69' lang='lat' dir='ltr'><strong>fisco</strong></span> <span class='ocrx_word' id='word_1_136' title='bbox 1583 813 1711 851; x_wconf 54' lang='lat' dir='ltr'><strong>inferrent</strong></span> <span class='ocrx_word' id='word_1_137' title='bbox 1730 812 1855 853; x_wconf 68' lang='lat' dir='ltr'><strong>Byzantii</strong></span> <span class='ocrx_word' id='word_1_138' title='bbox 1874 818 1967 855; x_wconf 79' lang='lat' dir='ltr'><strong>Augu-</strong></span> 
     </span>
    </p>
   </div>
   <div class='ocr_carea' id='block_1_11' title="bbox 429 858 1969 958">
    <p class='ocr_par' dir='ltr' id='par_1_11' title="bbox 429 858 1969 958">
     <span class='ocr_line' id='line_1_26' title="bbox 482 858 1968 908; baseline -0.007 -9"><span class='ocrx_word' id='word_1_139' title='bbox 482 862 519 905; x_wconf 61' lang='lat' dir='ltr'><strong>qf</strong></span> <span class='ocrx_word' id='word_1_140' title='bbox 542 861 689 908; x_wconf 70' lang='lat' dir='ltr'><strong>Appares&#39;.</strong></span> <span class='ocrx_word' id='word_1_141' title='bbox 706 860 723 907; x_wconf 93' lang='lat'>]</span> <span class='ocrx_word' id='word_1_142' title='bbox 765 860 850 895; x_wconf 70' lang='lat' dir='ltr'><strong>Diffi</strong></span> <span class='ocrx_word' id='word_1_143' title='bbox 873 859 891 894; x_wconf 71' lang='grc' dir='ltr'>ὲ</span> <span class='ocrx_word' id='word_1_144' title='bbox 910 864 1032 907; x_wconf 82' lang='lat' dir='ltr'><strong>paritate</strong></span> <span class='ocrx_word' id='word_1_145' title='bbox 1051 858 1063 903; x_wconf 85' lang='lat'>(</span> <span class='ocrx_word' id='word_1_146' title='bbox 1082 871 1110 905; x_wconf 89' lang='lat' dir='ltr'><strong>q.</strong></span> <span class='ocrx_word' id='word_1_147' title='bbox 1128 859 1178 891; x_wconf 84' lang='lat' dir='ltr'><strong>ad·</strong></span> <span class='ocrx_word' id='word_1_148' title='bbox 1217 865 1270 904; x_wconf 80' lang='lat' dir='ltr'><strong>sti,</strong></span> <span class='ocrx_word' id='word_1_149' title='bbox 1285 863 1367 906; x_wconf 69' lang='lat' dir='ltr'><strong>ftque</strong></span> <span class='ocrx_word' id='word_1_150' title='bbox 1384 867 1409 893; x_wconf 80' lang='lat' dir='ltr'><strong>ei</strong></span> <span class='ocrx_word' id='word_1_151' title='bbox 1432 861 1619 905; x_wconf 82' lang='lat' dir='ltr'><strong>obstringerent</strong></span> <span class='ocrx_word' id='word_1_152' title='bbox 1629 858 1812 899; x_wconf 62' lang='lat' dir='ltr'><strong>samo-sanfio,</strong></span> <span class='ocrx_word' id='word_1_153' title='bbox 1835 872 1867 889; x_wconf 86' lang='lat' dir='ltr'><strong>ac</strong></span> <span class='ocrx_word' id='word_1_154' title='bbox 1881 870 1968 902; x_wconf 60' lang='lat' dir='ltr'><strong>panas</strong></span> 
     </span>
     <span class='ocr_line' id='line_1_27' title="bbox 429 906 1969 958; baseline -0.005 -13"><span class='ocrx_word' id='word_1_155' title='bbox 429 923 517 958; x_wconf 80' lang='lat' dir='ltr'><strong>pares.</strong></span> <span class='ocrx_word' id='word_1_156' title='bbox 533 912 546 950; x_wconf 89' lang='lat'><em>)</em></span> <span class='ocrx_word' id='word_1_157' title='bbox 587 916 733 956; x_wconf 70' lang='lat' dir='ltr'><em>Compares.</em></span> <span class='ocrx_word' id='word_1_158' title='bbox 774 910 906 956; x_wconf 88' lang='lat' dir='ltr'><strong>Gregor.</strong></span> <span class='ocrx_word' id='word_1_159' title='bbox 936 908 985 942; x_wconf 88' lang='lat' dir='ltr'><strong>lib.</strong></span> <span class='ocrx_word' id='word_1_160' title='bbox 1031 920 1061 953; x_wconf 83' lang='lat'><strong>5.</strong></span> <span class='ocrx_word' id='word_1_161' title='bbox 1085 906 1177 954; x_wconf 88' lang='lat' dir='ltr'>Epist.</span> <span class='ocrx_word' id='word_1_162' title='bbox 1221 916 1269 956; x_wconf 83' lang='lat' dir='ltr'><strong>gio</strong></span> <span class='ocrx_word' id='word_1_163' title='bbox 1275 911 1468 952; x_wconf 82' lang='lat' dir='ltr'><strong>jurejurando,</strong></span> <span class='ocrx_word' id='word_1_164' title='bbox 1503 915 1556 940; x_wconf 72' lang='lat' dir='ltr'><em>Art.</em></span> <span class='ocrx_word' id='word_1_165' title='bbox 1580 918 1685 951; x_wconf 83' lang='lat'>1205.</span> <span class='ocrx_word' id='word_1_166' title='bbox 1732 906 1821 949; x_wconf 57' lang='lat' dir='ltr'><strong>eQuod</strong></span> <span class='ocrx_word' id='word_1_167' title='bbox 1848 911 1969 938; x_wconf 68' lang='lat' dir='ltr'><strong>Graectmz</strong></span> 
     </span>
    </p>
   </div>
   <div class='ocr_carea' id='block_1_12' title="bbox 436 956 1211 2690">
    <p class='ocr_par' dir='ltr' id='par_1_12' title="bbox 436 956 1183 1294">
     <span class='ocr_line' id='line_1_28' title="bbox 440 956 1180 1005; baseline -0.009 -11"><span class='ocrx_word' id='word_1_168' title='bbox 440 971 484 1005; x_wconf 85' lang='lat'><strong>15</strong></span> <span class='ocrx_word' id='word_1_169' title='bbox 491 964 684 1005; x_wconf 82' lang='lat' dir='ltr'><strong>2.Gregorius‚</strong></span> <span class='ocrx_word' id='word_1_170' title='bbox 706 961 813 1003; x_wconf 84' lang='lat' dir='ltr'><em>Pelagio</em></span> <span class='ocrx_word' id='word_1_171' title='bbox 830 961 862 991; x_wconf 82' lang='lat' dir='ltr'><strong>de</strong></span> <span class='ocrx_word' id='word_1_172' title='bbox 885 963 1003 998; x_wconf 81' lang='lat' dir='ltr'><strong>Turinis,</strong></span> <span class='ocrx_word' id='word_1_173' title='bbox 1025 956 1060 991; x_wconf 83' lang='lat'><em>&amp;</em></span> <span class='ocrx_word' id='word_1_174' title='bbox 1086 961 1180 989; x_wconf 80' lang='lat' dir='ltr'><strong>Sereno</strong></span> 
     </span>
     <span class='ocr_line' id='line_1_29' title="bbox 436 1004 1179 1053; baseline -0.007 -12"><span class='ocrx_word' id='word_1_175' title='bbox 436 1009 468 1040; x_wconf 77' lang='lat' dir='ltr'><strong>de</strong></span> <span class='ocrx_word' id='word_1_176' title='bbox 497 1011 616 1053; x_wconf 81' lang='lat' dir='ltr'><strong>Maffilm</strong></span> <span class='ocrx_word' id='word_1_177' title='bbox 629 1033 640 1048; x_wconf 93' lang='lat'><strong>,</strong></span> <span class='ocrx_word' id='word_1_178' title='bbox 676 1008 807 1052; x_wconf 79' lang='lat' dir='ltr'><strong>Episcopis</strong></span> <span class='ocrx_word' id='word_1_179' title='bbox 842 1009 995 1039; x_wconf 74' lang='lat' dir='ltr'><strong>Galliarum</strong></span> <span class='ocrx_word' id='word_1_180' title='bbox 1034 1004 1157 1050; x_wconf 80' lang='lat' dir='ltr'><strong>aparibus</strong></span> <span class='ocrx_word' id='word_1_181' title='bbox 1170 1018 1179 1034; x_wconf 95' lang='lat'>:</span> 
     </span>
     <span class='ocr_line' id='line_1_30' title="bbox 438 1052 1181 1102; baseline -0.005 -13"><span class='ocrx_word' id='word_1_182' title='bbox 438 1068 510 1090; x_wconf 87' lang='lat' dir='ltr'><strong>cum</strong></span> <span class='ocrx_word' id='word_1_183' title='bbox 522 1068 544 1102; x_wconf 87' lang='lat' dir='ltr'><em>p</em></span> <span class='ocrx_word' id='word_1_184' title='bbox 563 1054 694 1102; x_wconf 87' lang='lat' dir='ltr'><strong>simplici.</strong></span> <span class='ocrx_word' id='word_1_185' title='bbox 744 1053 862 1088; x_wconf 83' lang='lat' dir='ltr'><strong>Ibidem</strong></span> <span class='ocrx_word' id='word_1_186' title='bbox 879 1052 971 1099; x_wconf 87' lang='lat' dir='ltr'><strong>Epist.</strong></span> <span class='ocrx_word' id='word_1_187' title='bbox 988 1062 1044 1099; x_wconf 79' lang='lat'><strong>54.</strong></span> <span class='ocrx_word' id='word_1_188' title='bbox 1057 1057 1181 1098; x_wconf 85' lang='lat' dir='ltr'><strong>Gregori-</strong></span> 
     </span>
     <span class='ocr_line' id='line_1_31' title="bbox 438 1101 1182 1147; baseline -0.004 -11"><span class='ocrx_word' id='word_1_189' title='bbox 438 1118 469 1137; x_wconf 86' lang='lat' dir='ltr'><strong>us</strong></span> <span class='ocrx_word' id='word_1_190' title='bbox 487 1106 618 1145; x_wconf 56' lang='lat' dir='ltr'><strong>Desiderio</strong></span> <span class='ocrx_word' id='word_1_191' title='bbox 647 1108 744 1136; x_wconf 71' lang='lat' dir='ltr'><strong>Vi‘enen</strong></span> <span class='ocrx_word' id='word_1_192' title='bbox 756 1117 775 1144; x_wconf 85' lang='lat'><strong>1,</strong></span> <span class='ocrx_word' id='word_1_193' title='bbox 815 1101 851 1137; x_wconf 83' lang='lat'><em>&amp;</em></span> <span class='ocrx_word' id='word_1_194' title='bbox 879 1106 984 1147; x_wconf 75' lang='lat' dir='ltr'><strong>siagrio</strong></span> <span class='ocrx_word' id='word_1_195' title='bbox 1014 1104 1160 1146; x_wconf 84' lang='lat' dir='ltr'><strong>Augustino</strong></span> <span class='ocrx_word' id='word_1_196' title='bbox 1171 1126 1182 1142; x_wconf 93' lang='lat'><strong>,</strong></span> 
     </span>
     <span class='ocr_line' id='line_1_32' title="bbox 441 1148 1182 1198; baseline -0.004 -13"><span class='ocrx_word' id='word_1_197' title='bbox 441 1154 574 1198; x_wconf 75' lang='lat' dir='ltr'><strong>Epifiopis</strong></span> <span class='ocrx_word' id='word_1_198' title='bbox 593 1154 687 1185; x_wconf 77' lang='lat' dir='ltr'><strong>Galliae</strong></span> <span class='ocrx_word' id='word_1_199' title='bbox 706 1151 852 1196; x_wconf 77' lang='lat' dir='ltr'><strong>apparibus.</strong></span> <span class='ocrx_word' id='word_1_200' title='bbox 900 1151 940 1183; x_wconf 88' lang='lat' dir='ltr'><strong>Et</strong></span> <span class='ocrx_word' id='word_1_201' title='bbox 958 1149 1007 1183; x_wconf 84' lang='lat' dir='ltr'><strong>lib.</strong></span> <span class='ocrx_word' id='word_1_202' title='bbox 1034 1162 1065 1194; x_wconf 92' lang='lat'><strong>7.</strong></span> <span class='ocrx_word' id='word_1_203' title='bbox 1091 1148 1182 1196; x_wconf 84' lang='lat' dir='ltr'><strong>Epist.</strong></span> 
     </span>
     <span class='ocr_line' id='line_1_33' title="bbox 447 1197 1183 1245; baseline -0.001 -11"><span class='ocrx_word' id='word_1_204' title='bbox 447 1213 459 1234; x_wconf 90' lang='lat'>1</span> <span class='ocrx_word' id='word_1_205' title='bbox 473 1213 485 1234; x_wconf 94' lang='lat'>1</span> <span class='ocrx_word' id='word_1_206' title='bbox 495 1213 526 1234; x_wconf 86' lang='grc' dir='ltr'><strong>Ο.</strong></span> <span class='ocrx_word' id='word_1_207' title='bbox 573 1206 714 1245; x_wconf 82' lang='lat' dir='ltr'><em>Gregorius</em></span> <span class='ocrx_word' id='word_1_208' title='bbox 731 1204 847 1245; x_wconf 75' lang='lat' dir='ltr'><strong>SyagriO,</strong></span> <span class='ocrx_word' id='word_1_209' title='bbox 864 1201 1003 1239; x_wconf 74' lang='lat' dir='ltr'><strong>Hetherz‘o,</strong></span> <span class='ocrx_word' id='word_1_210' title='bbox 1025 1201 1136 1243; x_wconf 68' lang='lat' dir='ltr'><strong>Viigz‘lio</strong></span> <span class='ocrx_word' id='word_1_211' title='bbox 1148 1197 1183 1233; x_wconf 55' lang='grc' dir='ltr'>ὅ</span> 
     </span>
     <span class='ocr_line' id='line_1_34' title="bbox 441 1248 871 1294; baseline -0.005 -12"><span class='ocrx_word' id='word_1_212' title='bbox 441 1252 583 1290; x_wconf 57' lang='lat' dir='ltr'><strong>Desiderio,</strong></span> <span class='ocrx_word' id='word_1_213' title='bbox 599 1249 729 1294; x_wconf 72' lang='lat' dir='ltr'><strong>Epist-opis</strong></span> <span class='ocrx_word' id='word_1_214' title='bbox 741 1248 871 1293; x_wconf 82' lang='lat' dir='ltr'><strong>aparibus.</strong></span> 
     </span>
    </p>

    <p class='ocr_par' dir='ltr' id='par_1_13' title="bbox 439 1292 1195 1859">
     <span class='ocr_line' id='line_1_35' title="bbox 491 1292 1185 1343; baseline -0.009 -10"><span class='ocrx_word' id='word_1_215' title='bbox 491 1297 528 1339; x_wconf 64' lang='grc' dir='ltr'><strong>ἿῘ</strong></span> <span class='ocrx_word' id='word_1_216' title='bbox 553 1292 817 1343; x_wconf 76' lang='lat' dir='ltr'><strong>Applumblarias.</strong></span> <span class='ocrx_word' id='word_1_217' title='bbox 838 1294 855 1340; x_wconf 91' lang='lat'>]</span> <span class='ocrx_word' id='word_1_218' title='bbox 879 1292 1118 1342; x_wconf 81' lang='lat' dir='ltr'><strong>Gloffographus</strong></span> <span class='ocrx_word' id='word_1_219' title='bbox 1146 1293 1185 1328; x_wconf 84' lang='lat' dir='ltr'><strong>ad</strong></span> 
     </span>
     <span class='ocr_line' id='line_1_36' title="bbox 444 1344 1187 1391; baseline -0.003 -13"><span class='ocrx_word' id='word_1_220' title='bbox 444 1345 580 1378; x_wconf 66' lang='lat' dir='ltr'><strong>Gratiam.</strong></span> <span class='ocrx_word' id='word_1_221' title='bbox 599 1358 626 1379; x_wconf 84' lang='grc' dir='ltr'><strong>Ι.</strong></span> <span class='ocrx_word' id='word_1_222' title='bbox 650 1358 678 1391; x_wconf 90' lang='lat' dir='ltr'><strong>q.</strong></span> <span class='ocrx_word' id='word_1_223' title='bbox 699 1358 730 1390; x_wconf 93' lang='lat'><strong>7.</strong></span> <span class='ocrx_word' id='word_1_224' title='bbox 753 1358 796 1378; x_wconf 85' lang='lat' dir='ltr'><strong>ca.</strong></span> <span class='ocrx_word' id='word_1_225' title='bbox 813 1345 1033 1378; x_wconf 77' lang='lat' dir='ltr'><strong>Convenientibus</strong></span> <span class='ocrx_word' id='word_1_226' title='bbox 1045 1360 1053 1375; x_wconf 88' lang='lat'>:</span> <span class='ocrx_word' id='word_1_227' title='bbox 1078 1344 1110 1376; x_wconf 88' lang='lat' dir='ltr'><strong>in</strong></span> <span class='ocrx_word' id='word_1_228' title='bbox 1122 1353 1187 1388; x_wconf 84' lang='lat' dir='ltr'><strong>ety-</strong></span> 
     </span>
     <span class='ocr_line' id='line_1_37' title="bbox 446 1391 1187 1439; baseline -0.001 -13"><span class='ocrx_word' id='word_1_229' title='bbox 446 1393 580 1439; x_wconf 85' lang='lat' dir='ltr'><strong>mologia</strong></span> <span class='ocrx_word' id='word_1_230' title='bbox 598 1393 702 1427; x_wconf 83' lang='lat' dir='ltr'>vocab.</span> <span class='ocrx_word' id='word_1_231' title='bbox 729 1391 931 1439; x_wconf 64' lang='lat' dir='ltr'><strong>Apochrffizriis,</strong></span> <span class='ocrx_word' id='word_1_232' title='bbox 954 1391 1038 1439; x_wconf 90' lang='lat' dir='ltr'><strong>quod</strong></span> <span class='ocrx_word' id='word_1_233' title='bbox 1067 1392 1187 1425; x_wconf 83' lang='lat' dir='ltr'><strong>nuntios</strong></span> 
     </span>
     <span class='ocr_line' id='line_1_38' title="bbox 447 1439 1188 1489; baseline -0.003 -14"><span class='ocrx_word' id='word_1_234' title='bbox 447 1442 538 1487; x_wconf 79' lang='lat' dir='ltr'><strong>Papae</strong></span> <span class='ocrx_word' id='word_1_235' title='bbox 557 1440 699 1488; x_wconf 80' lang='lat' dir='ltr'><strong>designat.</strong></span> <span class='ocrx_word' id='word_1_236' title='bbox 723 1449 792 1488; x_wconf 86' lang='lat' dir='ltr'><em>Apos</em></span> <span class='ocrx_word' id='word_1_237' title='bbox 815 1444 828 1481; x_wconf 93' lang='lat'><em>(</em></span> <span class='ocrx_word' id='word_1_238' title='bbox 840 1439 960 1489; x_wconf 85' lang='lat' dir='ltr'><strong>inquit)</strong></span> <span class='ocrx_word' id='word_1_239' title='bbox 979 1446 1098 1482; x_wconf 80' lang='lat' dir='ltr'><strong>mentius,</strong></span> <span class='ocrx_word' id='word_1_240' title='bbox 1115 1443 1188 1480; x_wconf 80' lang='lat' dir='ltr'><em>chry-</em></span> 
     </span>
     <span class='ocr_line' id='line_1_39' title="bbox 439 1487 1189 1535; baseline 0.001 -13"><span class='ocrx_word' id='word_1_241' title='bbox 439 1493 490 1530; x_wconf 77' lang='lat' dir='ltr'><strong>fis,</strong></span> <span class='ocrx_word' id='word_1_242' title='bbox 512 1504 617 1531; x_wconf 80' lang='lat' dir='ltr'><strong>aurum,</strong></span> <span class='ocrx_word' id='word_1_243' title='bbox 635 1493 710 1535; x_wconf 81' lang='lat' dir='ltr'><strong>quafi</strong></span> <span class='ocrx_word' id='word_1_244' title='bbox 724 1493 846 1524; x_wconf 79' lang='lat' dir='ltr'><strong>deaurati</strong></span> <span class='ocrx_word' id='word_1_245' title='bbox 863 1495 962 1523; x_wconf 81' lang='lat' dir='ltr'><strong>nuntii.</strong></span> <span class='ocrx_word' id='word_1_246' title='bbox 1008 1489 1121 1523; x_wconf 56' lang='lat' dir='ltr'><strong>Parum</strong></span> <span class='ocrx_word' id='word_1_247' title='bbox 1131 1487 1189 1523; x_wconf 83' lang='lat' dir='ltr'><strong>foe-</strong></span> 
     </span>
     <span class='ocr_line' id='line_1_40' title="bbox 446 1536 1190 1582; baseline 0.001 -13"><span class='ocrx_word' id='word_1_248' title='bbox 446 1536 540 1570; x_wconf 87' lang='lat' dir='ltr'><strong>liciter</strong></span> <span class='ocrx_word' id='word_1_249' title='bbox 556 1551 566 1579; x_wconf 90' lang='lat'><strong>·‚</strong></span> <span class='ocrx_word' id='word_1_250' title='bbox 588 1548 619 1570; x_wconf 84' lang='lat' dir='ltr'><strong>at</strong></span> <span class='ocrx_word' id='word_1_251' title='bbox 637 1537 795 1578; x_wconf 58' lang='lat' dir='ltr'><strong>subiieffifit,</strong></span> <span class='ocrx_word' id='word_1_252' title='bbox 811 1541 876 1569; x_wconf 83' lang='lat' dir='ltr'><strong>tales</strong></span> <span class='ocrx_word' id='word_1_253' title='bbox 888 1540 964 1570; x_wconf 75' lang='lat' dir='ltr'><strong>hodie</strong></span> <span class='ocrx_word' id='word_1_254' title='bbox 976 1551 1027 1569; x_wconf 86' lang='lat' dir='ltr'><strong>non</strong></span> <span class='ocrx_word' id='word_1_255' title='bbox 1035 1539 1100 1577; x_wconf 72' lang='lat' dir='ltr'><strong>fient</strong></span> <span class='ocrx_word' id='word_1_256' title='bbox 1108 1543 1190 1582; x_wconf 74' lang='lat' dir='ltr'><strong>Papae</strong></span> 
     </span>
     <span class='ocr_line' id='line_1_41' title="bbox 446 1583 1191 1629; baseline -0.001 -12"><span class='ocrx_word' id='word_1_257' title='bbox 446 1586 639 1629; x_wconf 78' lang='lat' dir='ltr'><strong>applamblarii.</strong></span> <span class='ocrx_word' id='word_1_258' title='bbox 688 1584 749 1617; x_wconf 88' lang='lat' dir='ltr'><strong>Ubi</strong></span> <span class='ocrx_word' id='word_1_259' title='bbox 767 1583 825 1628; x_wconf 87' lang='lat' dir='ltr'><strong>(l)</strong></span> <span class='ocrx_word' id='word_1_260' title='bbox 843 1583 1008 1617; x_wconf 88' lang='lat' dir='ltr'><strong>arcendum</strong></span> <span class='ocrx_word' id='word_1_261' title='bbox 1025 1584 1138 1624; x_wconf 86' lang='lat' dir='ltr'><strong>censeo,</strong></span> <span class='ocrx_word' id='word_1_262' title='bbox 1154 1594 1191 1617; x_wconf 90' lang='lat' dir='ltr'><strong>ut</strong></span> 
     </span>
     <span class='ocr_line' id='line_1_42' title="bbox 447 1631 1192 1677; baseline 0 -12"><span class='ocrx_word' id='word_1_263' title='bbox 447 1632 566 1677; x_wconf 80' lang='lat' dir='ltr'><strong>legatur</strong></span> <span class='ocrx_word' id='word_1_264' title='bbox 601 1633 776 1677; x_wconf 61' lang='lat' dir='ltr'><strong>afflumbarii</strong></span> <span class='ocrx_word' id='word_1_265' title='bbox 785 1657 795 1672; x_wconf 91' lang='lat'><strong>,</strong></span> <span class='ocrx_word' id='word_1_266' title='bbox 837 1631 888 1665; x_wconf 87' lang='lat' dir='ltr'><strong>vel</strong></span> <span class='ocrx_word' id='word_1_267' title='bbox 913 1633 1090 1675; x_wconf 84' lang='lat' dir='ltr'><strong>adplumlmrii</strong></span> <span class='ocrx_word' id='word_1_268' title='bbox 1103 1645 1109 1664; x_wconf 89' lang='lat'>:</span> <span class='ocrx_word' id='word_1_269' title='bbox 1133 1631 1192 1665; x_wconf 89' lang='lat' dir='ltr'><strong>hoc</strong></span> 
     </span>
     <span class='ocr_line' id='line_1_43' title="bbox 449 1677 1193 1726; baseline -0.003 -13"><span class='ocrx_word' id='word_1_270' title='bbox 449 1680 492 1713; x_wconf 83' lang='lat' dir='ltr'><strong>est</strong></span> <span class='ocrx_word' id='word_1_271' title='bbox 505 1681 557 1726; x_wconf 86' lang='lat' dir='ltr'><strong>qui</strong></span> <span class='ocrx_word' id='word_1_272' title='bbox 575 1679 732 1725; x_wconf 64' lang='lat' dir='ltr'><strong>disjundhi,</strong></span> <span class='ocrx_word' id='word_1_273' title='bbox 749 1677 876 1725; x_wconf 85' lang='lat' dir='ltr'><strong>plumbo</strong></span> <span class='ocrx_word' id='word_1_274' title='bbox 894 1678 1112 1724; x_wconf 69' lang='lat' dir='ltr'><strong>conglutinant,</strong></span> <span class='ocrx_word' id='word_1_275' title='bbox 1125 1678 1193 1712; x_wconf 91' lang='lat' dir='ltr'><strong>isto-</strong></span> 
     </span>
     <span class='ocr_line' id='line_1_44' title="bbox 450 1725 1195 1775; baseline -0.003 -13"><span class='ocrx_word' id='word_1_276' title='bbox 450 1741 510 1775; x_wconf 91' lang='lat' dir='ltr'><strong>que</strong></span> <span class='ocrx_word' id='word_1_277' title='bbox 527 1728 607 1761; x_wconf 76' lang='lat' dir='ltr'><strong>sensti</strong></span> <span class='ocrx_word' id='word_1_278' title='bbox 623 1726 748 1761; x_wconf 84' lang='lat' dir='ltr'><strong>ministri</strong></span> <span class='ocrx_word' id='word_1_279' title='bbox 766 1728 856 1773; x_wconf 79' lang='lat' dir='ltr'><strong>Papae</strong></span> <span class='ocrx_word' id='word_1_280' title='bbox 866 1726 1009 1772; x_wconf 88' lang='lat' dir='ltr'><strong>plumbea</strong></span> <span class='ocrx_word' id='word_1_281' title='bbox 1023 1725 1116 1773; x_wconf 80' lang='lat' dir='ltr'><strong>sigilla</strong></span> <span class='ocrx_word' id='word_1_282' title='bbox 1128 1726 1195 1760; x_wconf 87' lang='lat' dir='ltr'><strong>bul-</strong></span> 
     </span>
     <span class='ocr_line' id='line_1_45' title="bbox 451 1775 1195 1822; baseline -0.001 -12"><span class='ocrx_word' id='word_1_283' title='bbox 451 1776 486 1810; x_wconf 78' lang='lat' dir='ltr'><strong>lis</strong></span> <span class='ocrx_word' id='word_1_284' title='bbox 504 1776 707 1816; x_wconf 66' lang='lat' dir='ltr'><strong>anneStentes,</strong></span> <span class='ocrx_word' id='word_1_285' title='bbox 729 1775 807 1809; x_wconf 87' lang='lat' dir='ltr'><strong>bene</strong></span> <span class='ocrx_word' id='word_1_286' title='bbox 829 1784 1039 1821; x_wconf 83' lang='lat' dir='ltr'><strong>nuncupentur</strong></span> <span class='ocrx_word' id='word_1_287' title='bbox 1058 1775 1195 1822; x_wconf 86' lang='lat' dir='ltr'><strong>applum-</strong></span> 
     </span>
     <span class='ocr_line' id='line_1_46' title="bbox 451 1824 535 1859; baseline -0.012 -1"><span class='ocrx_word' id='word_1_288' title='bbox 451 1824 535 1859; x_wconf 83' lang='lat' dir='ltr'><strong>barii.</strong></span> 
     </span>
    </p>

    <p class='ocr_par' dir='ltr' id='par_1_14' title="bbox 454 1869 1211 2690">
     <span class='ocr_line' id='line_1_47' title="bbox 501 1869 1201 1919; baseline -0.003 -11"><span class='ocrx_word' id='word_1_289' title='bbox 501 1873 537 1915; x_wconf 59' lang='grc' dir='ltr'><strong>ἿῙ</strong></span> <span class='ocrx_word' id='word_1_290' title='bbox 562 1869 736 1919; x_wconf 66' lang='lat' dir='ltr'><strong>Appellsam,</strong></span> <span class='ocrx_word' id='word_1_291' title='bbox 749 1869 924 1917; x_wconf 68' lang='lat' dir='ltr'><strong>Appellare.</strong></span> <span class='ocrx_word' id='word_1_292' title='bbox 947 1869 965 1916; x_wconf 96' lang='lat'>]</span> <span class='ocrx_word' id='word_1_293' title='bbox 988 1872 1063 1906; x_wconf 85' lang='lat' dir='ltr'><strong>Vox</strong></span> <span class='ocrx_word' id='word_1_294' title='bbox 1093 1869 1201 1906; x_wconf 77' lang='lat' dir='ltr'><strong>forens</strong></span> 
     </span>
     <span class='ocr_line' id='line_1_48' title="bbox 454 1918 1198 1968; baseline -0.004 -12"><span class='ocrx_word' id='word_1_295' title='bbox 454 1920 508 1956; x_wconf 85' lang='lat' dir='ltr'><strong>Est</strong></span> <span class='ocrx_word' id='word_1_296' title='bbox 524 1921 759 1968; x_wconf 78' lang='lat' dir='ltr'><strong>prosequutionis</strong></span> <span class='ocrx_word' id='word_1_297' title='bbox 771 1932 866 1966; x_wconf 84' lang='lat' dir='ltr'><strong>genus</strong></span> <span class='ocrx_word' id='word_1_298' title='bbox 883 1921 914 1954; x_wconf 94' lang='lat' dir='ltr'><strong>in</strong></span> <span class='ocrx_word' id='word_1_299' title='bbox 925 1918 997 1954; x_wconf 87' lang='lat' dir='ltr'><strong>foro</strong></span> <span class='ocrx_word' id='word_1_300' title='bbox 1006 1919 1198 1967; x_wconf 84' lang='lat' dir='ltr'><strong>Angliae,quo</strong></span> 
     </span>
     <span class='ocr_line' id='line_1_49' title="bbox 454 1969 1200 2016; baseline -0.003 -13"><span class='ocrx_word' id='word_1_301' title='bbox 454 1970 520 2016; x_wconf 87' lang='lat' dir='ltr'><strong>quis</strong></span> <span class='ocrx_word' id='word_1_302' title='bbox 545 1969 643 2004; x_wconf 80' lang='lat' dir='ltr'><strong>verbis</strong></span> <span class='ocrx_word' id='word_1_303' title='bbox 664 1969 799 2015; x_wconf 75' lang='lat' dir='ltr'><strong>legitime</strong></span> <span class='ocrx_word' id='word_1_304' title='bbox 816 1969 978 2015; x_wconf 87' lang='lat' dir='ltr'><strong>conceptis,</strong></span> <span class='ocrx_word' id='word_1_305' title='bbox 998 1969 1050 2002; x_wconf 79' lang='lat' dir='ltr'><strong>fiio</strong></span> <span class='ocrx_word' id='word_1_306' title='bbox 1066 1969 1200 2010; x_wconf 81' lang='lat' dir='ltr'><strong>nomine,</strong></span> 
     </span>
     <span class='ocr_line' id='line_1_50' title="bbox 456 2016 1200 2064; baseline -0.003 -12"><span class='ocrx_word' id='word_1_307' title='bbox 456 2031 520 2052; x_wconf 88' lang='lat' dir='ltr'><strong>non</strong></span> <span class='ocrx_word' id='word_1_308' title='bbox 538 2018 634 2063; x_wconf 84' lang='lat' dir='ltr'><strong>regiO,</strong></span> <span class='ocrx_word' id='word_1_309' title='bbox 641 2017 735 2052; x_wconf 81' lang='lat' dir='ltr'><strong>alium</strong></span> <span class='ocrx_word' id='word_1_310' title='bbox 744 2029 819 2063; x_wconf 88' lang='lat' dir='ltr'><strong>ergo</strong></span> <span class='ocrx_word' id='word_1_311' title='bbox 829 2016 968 2064; x_wconf 82' lang='lat' dir='ltr'><strong>postulat,</strong></span> <span class='ocrx_word' id='word_1_312' title='bbox 976 2027 1011 2051; x_wconf 86' lang='lat' dir='ltr'><strong>ut</strong></span> <span class='ocrx_word' id='word_1_313' title='bbox 1023 2029 1108 2051; x_wconf 88' lang='lat' dir='ltr'><strong>reum</strong></span> <span class='ocrx_word' id='word_1_314' title='bbox 1118 2029 1200 2050; x_wconf 84' lang='lat' dir='ltr'><strong>com-</strong></span> 
     </span>
     <span class='ocr_line' id='line_1_51' title="bbox 458 2064 1201 2112; baseline -0.003 -12"><span class='ocrx_word' id='word_1_315' title='bbox 458 2067 567 2112; x_wconf 85' lang='lat' dir='ltr'><strong>probet</strong></span> <span class='ocrx_word' id='word_1_316' title='bbox 579 2064 715 2099; x_wconf 83' lang='lat' dir='ltr'><strong>feloniae:</strong></span> <span class='ocrx_word' id='word_1_317' title='bbox 752 2066 801 2099; x_wconf 73' lang='lat' dir='ltr'><strong>stu</strong></span> <span class='ocrx_word' id='word_1_318' title='bbox 818 2069 850 2098; x_wconf 79' lang='lat' dir='ltr'><strong>de</strong></span> <span class='ocrx_word' id='word_1_319' title='bbox 867 2069 907 2106; x_wconf 85' lang='lat' dir='ltr'><strong>luy</strong></span> <span class='ocrx_word' id='word_1_320' title='bbox 925 2068 1060 2099; x_wconf 76' lang='lat' dir='ltr'><strong>attainder</strong></span> <span class='ocrx_word' id='word_1_321' title='bbox 1084 2068 1117 2099; x_wconf 83' lang='lat' dir='ltr'><strong>de</strong></span> <span class='ocrx_word' id='word_1_322' title='bbox 1131 2069 1201 2106; x_wconf 84' lang='lat' dir='ltr'><strong>felo-</strong></span> 
     </span>
     <span class='ocr_line' id='line_1_52' title="bbox 459 2112 1200 2159; baseline -0.001 -11"><span class='ocrx_word' id='word_1_323' title='bbox 459 2129 502 2156; x_wconf 78' lang='lat' dir='ltr'><strong>ny,</strong></span> <span class='ocrx_word' id='word_1_324' title='bbox 524 2125 559 2148; x_wconf 87' lang='lat' dir='ltr'><strong>ut</strong></span> <span class='ocrx_word' id='word_1_325' title='bbox 581 2114 686 2148; x_wconf 86' lang='lat' dir='ltr'><strong>Briton</strong></span> <span class='ocrx_word' id='word_1_326' title='bbox 699 2113 842 2159; x_wconf 89' lang='lat' dir='ltr'><strong>loquitur,</strong></span> <span class='ocrx_word' id='word_1_327' title='bbox 864 2117 897 2147; x_wconf 64' lang='grc' dir='ltr'><strong>ὃς</strong></span> <span class='ocrx_word' id='word_1_328' title='bbox 915 2112 1078 2154; x_wconf 81' lang='lat' dir='ltr'><strong>Stamford,</strong></span> <span class='ocrx_word' id='word_1_329' title='bbox 1103 2113 1152 2147; x_wconf 87' lang='lat' dir='ltr'><strong>lib.</strong></span> <span class='ocrx_word' id='word_1_330' title='bbox 1169 2127 1200 2148; x_wconf 87' lang='lat'><strong>2.</strong></span> 
     </span>
     <span class='ocr_line' id='line_1_53' title="bbox 459 2161 1201 2210; baseline -0.003 -13"><span class='ocrx_word' id='word_1_331' title='bbox 459 2176 523 2210; x_wconf 86' lang='lat' dir='ltr'><strong>cap.</strong></span> <span class='ocrx_word' id='word_1_332' title='bbox 539 2163 570 2197; x_wconf 89' lang='lat'><strong>6.</strong></span> <span class='ocrx_word' id='word_1_333' title='bbox 583 2164 682 2196; x_wconf 88' lang='lat' dir='ltr'><strong>Datur</strong></span> <span class='ocrx_word' id='word_1_334' title='bbox 692 2172 793 2196; x_wconf 88' lang='lat' dir='ltr'><strong>autem</strong></span> <span class='ocrx_word' id='word_1_335' title='bbox 804 2161 969 2208; x_wconf 85' lang='lat' dir='ltr'><strong>appellum,</strong></span> <span class='ocrx_word' id='word_1_336' title='bbox 977 2163 1007 2195; x_wconf 90' lang='lat' dir='ltr'><strong>in</strong></span> <span class='ocrx_word' id='word_1_337' title='bbox 1024 2161 1201 2209; x_wconf 86' lang='lat' dir='ltr'><strong>quibusdam</strong></span> 
     </span>
     <span class='ocr_line' id='line_1_54' title="bbox 460 2208 1204 2257; baseline -0.001 -13"><span class='ocrx_word' id='word_1_338' title='bbox 460 2210 573 2245; x_wconf 84' lang='lat' dir='ltr'><strong>casibus</strong></span> <span class='ocrx_word' id='word_1_339' title='bbox 584 2223 647 2244; x_wconf 88' lang='lat' dir='ltr'><strong>non</strong></span> <span class='ocrx_word' id='word_1_340' title='bbox 663 2210 783 2257; x_wconf 75' lang='lat' dir='ltr'><strong>proprie</strong></span> <span class='ocrx_word' id='word_1_341' title='bbox 801 2208 943 2251; x_wconf 86' lang='lat' dir='ltr'><strong>felonicis,</strong></span> <span class='ocrx_word' id='word_1_342' title='bbox 966 2221 1000 2244; x_wconf 92' lang='lat' dir='ltr'><strong>ut</strong></span> <span class='ocrx_word' id='word_1_343' title='bbox 1019 2210 1057 2244; x_wconf 92' lang='lat' dir='ltr'><strong>de</strong></span> <span class='ocrx_word' id='word_1_344' title='bbox 1083 2210 1204 2244; x_wconf 85' lang='lat' dir='ltr'><strong>mutila-</strong></span> 
     </span>
     <span class='ocr_line' id='line_1_55' title="bbox 461 2258 1204 2305; baseline -0.001 -12"><span class='ocrx_word' id='word_1_345' title='bbox 461 2260 543 2293; x_wconf 87' lang='lat' dir='ltr'>tione</span> <span class='ocrx_word' id='word_1_346' title='bbox 561 2258 792 2302; x_wconf 73' lang='lat' dir='ltr'><strong>membrorum,</strong></span> <span class='ocrx_word' id='word_1_347' title='bbox 813 2258 896 2305; x_wconf 90' lang='lat' dir='ltr'><strong>quod</strong></span> <span class='ocrx_word' id='word_1_348' title='bbox 912 2258 1045 2292; x_wconf 67' lang='grc' dir='ltr'><strong>Βῑειὲὶοῑι</strong></span> <span class='ocrx_word' id='word_1_349' title='bbox 1069 2261 1102 2292; x_wconf 82' lang='lat' dir='ltr'><strong>de</strong></span> <span class='ocrx_word' id='word_1_350' title='bbox 1113 2262 1204 2304; x_wconf 87' lang='lat' dir='ltr'><strong>plagis</strong></span> 
     </span>
     <span class='ocr_line' id='line_1_56' title="bbox 461 2305 1204 2353; baseline -0.003 -11"><span class='ocrx_word' id='word_1_351' title='bbox 461 2307 497 2342; x_wconf 57' lang='grc' dir='ltr'>ὅ</span> <span class='ocrx_word' id='word_1_352' title='bbox 515 2309 648 2341; x_wconf 88' lang='lat' dir='ltr'><strong>mahemio</strong></span> <span class='ocrx_word' id='word_1_353' title='bbox 665 2317 770 2341; x_wconf 86' lang='lat' dir='ltr'><strong>vocat:</strong></span> <span class='ocrx_word' id='word_1_354' title='bbox 807 2308 856 2340; x_wconf 88' lang='lat' dir='ltr'><strong>De</strong></span> <span class='ocrx_word' id='word_1_355' title='bbox 874 2305 980 2353; x_wconf 87' lang='lat' dir='ltr'><strong>injusta</strong></span> <span class='ocrx_word' id='word_1_356' title='bbox 1002 2308 1204 2341; x_wconf 77' lang='lat' dir='ltr'><strong>incarceratio-</strong></span> 
     </span>
     <span class='ocr_line' id='line_1_57' title="bbox 462 2355 1206 2403; baseline -0.001 -14"><span class='ocrx_word' id='word_1_357' title='bbox 462 2368 513 2397; x_wconf 88' lang='lat' dir='ltr'><strong>ne,</strong></span> <span class='ocrx_word' id='word_1_358' title='bbox 535 2355 616 2403; x_wconf 91' lang='lat' dir='ltr'><strong>quod</strong></span> <span class='ocrx_word' id='word_1_359' title='bbox 630 2359 758 2402; x_wconf 83' lang='lat' dir='ltr'><strong>appellum</strong></span> <span class='ocrx_word' id='word_1_360' title='bbox 789 2365 941 2401; x_wconf 88' lang='lat' dir='ltr'><strong>nuncupat</strong></span> <span class='ocrx_word' id='word_1_361' title='bbox 961 2359 993 2388; x_wconf 83' lang='lat' dir='ltr'><strong>de</strong></span> <span class='ocrx_word' id='word_1_362' title='bbox 1007 2368 1075 2401; x_wconf 85' lang='lat' dir='ltr'><strong>pace</strong></span> <span class='ocrx_word' id='word_1_363' title='bbox 1100 2355 1135 2391; x_wconf 86' lang='lat'><em>&amp;</em></span> <span class='ocrx_word' id='word_1_364' title='bbox 1153 2362 1206 2388; x_wconf 87' lang='lat' dir='ltr'><strong>im-</strong></span> 
     </span>
     <span class='ocr_line' id='line_1_58' title="bbox 458 2403 1206 2450; baseline 0 -14"><span class='ocrx_word' id='word_1_365' title='bbox 458 2406 658 2449; x_wconf 79' lang='lat' dir='ltr'><strong>prifimamento.</strong></span> <span class='ocrx_word' id='word_1_366' title='bbox 706 2405 741 2437; x_wconf 90' lang='lat' dir='ltr'><strong>In</strong></span> <span class='ocrx_word' id='word_1_367' title='bbox 762 2403 807 2437; x_wconf 83' lang='lat' dir='ltr'><strong>his</strong></span> <span class='ocrx_word' id='word_1_368' title='bbox 824 2414 927 2446; x_wconf 83' lang='lat' dir='ltr'><strong>tamen</strong></span> <span class='ocrx_word' id='word_1_369' title='bbox 948 2403 1098 2450; x_wconf 80' lang='lat' dir='ltr'><strong>appellans</strong></span> <span class='ocrx_word' id='word_1_370' title='bbox 1117 2403 1206 2445; x_wconf 85' lang='lat' dir='ltr'><strong>dicet,</strong></span> 
     </span>
     <span class='ocr_line' id='line_1_59' title="bbox 463 2450 1208 2498; baseline 0.001 -14"><span class='ocrx_word' id='word_1_371' title='bbox 463 2450 547 2497; x_wconf 88' lang='lat' dir='ltr'><strong>quod</strong></span> <span class='ocrx_word' id='word_1_372' title='bbox 564 2451 728 2497; x_wconf 84' lang='lat' dir='ltr'><strong>appellatus</strong></span> <span class='ocrx_word' id='word_1_373' title='bbox 745 2454 791 2485; x_wconf 85' lang='lat' dir='ltr'><strong>hoc</strong></span> <span class='ocrx_word' id='word_1_374' title='bbox 803 2457 872 2494; x_wconf 80' lang='lat' dir='ltr'><strong>fecit</strong></span> <span class='ocrx_word' id='word_1_375' title='bbox 888 2458 1020 2498; x_wconf 66' lang='lat' dir='ltr'><strong>nequiter,</strong></span> <span class='ocrx_word' id='word_1_376' title='bbox 1041 2452 1075 2487; x_wconf 84' lang='lat'><em>&amp;</em></span> <span class='ocrx_word' id='word_1_377' title='bbox 1092 2457 1123 2485; x_wconf 87' lang='lat' dir='ltr'><strong>in</strong></span> <span class='ocrx_word' id='word_1_378' title='bbox 1137 2456 1208 2492; x_wconf 85' lang='lat' dir='ltr'><strong>felo—</strong></span> 
     </span>
     <span class='ocr_line' id='line_1_60' title="bbox 466 2499 1208 2546; baseline 0.003 -14"><span class='ocrx_word' id='word_1_379' title='bbox 466 2505 525 2540; x_wconf 80' lang='lat' dir='ltr'><strong>nia,</strong></span> <span class='ocrx_word' id='word_1_380' title='bbox 548 2508 582 2532; x_wconf 88' lang='lat' dir='ltr'><strong>ut</strong></span> <span class='ocrx_word' id='word_1_381' title='bbox 595 2499 694 2533; x_wconf 69' lang='lat' dir='ltr'><strong>Bra-fit.</strong></span> <span class='ocrx_word' id='word_1_382' title='bbox 710 2499 758 2533; x_wconf 91' lang='lat' dir='ltr'><strong>lib.</strong></span> <span class='ocrx_word' id='word_1_383' title='bbox 781 2513 810 2546; x_wconf 85' lang='lat'><strong>3.</strong></span> <span class='ocrx_word' id='word_1_384' title='bbox 833 2510 903 2534; x_wconf 83' lang='lat' dir='ltr'><strong>trac.</strong></span> <span class='ocrx_word' id='word_1_385' title='bbox 925 2513 956 2535; x_wconf 92' lang='lat'><strong>2.</strong></span> <span class='ocrx_word' id='word_1_386' title='bbox 968 2512 1034 2546; x_wconf 85' lang='lat' dir='ltr'><strong>cap.</strong></span> <span class='ocrx_word' id='word_1_387' title='bbox 1049 2512 1106 2546; x_wconf 81' lang='lat'><strong>25.</strong></span> <span class='ocrx_word' id='word_1_388' title='bbox 1133 2502 1208 2534; x_wconf 92' lang='lat' dir='ltr'><strong>Non</strong></span> 
     </span>
     <span class='ocr_line' id='line_1_61' title="bbox 467 2547 1209 2594; baseline 0.001 -13"><span class='ocrx_word' id='word_1_389' title='bbox 467 2547 612 2594; x_wconf 89' lang='lat' dir='ltr'><strong>competit</strong></span> <span class='ocrx_word' id='word_1_390' title='bbox 629 2557 731 2582; x_wconf 87' lang='lat' dir='ltr'><strong>autem</strong></span> <span class='ocrx_word' id='word_1_391' title='bbox 753 2552 881 2593; x_wconf 79' lang='lat' dir='ltr'><strong>appellum</strong></span> <span class='ocrx_word' id='word_1_392' title='bbox 917 2548 948 2582; x_wconf 90' lang='lat' dir='ltr'><strong>in</strong></span> <span class='ocrx_word' id='word_1_393' title='bbox 970 2548 1054 2583; x_wconf 88' lang='lat' dir='ltr'><strong>omni</strong></span> <span class='ocrx_word' id='word_1_394' title='bbox 1080 2547 1209 2591; x_wconf 86' lang='lat' dir='ltr'><strong>felonia,</strong></span> 
     </span>
     <span class='ocr_line' id='line_1_62' title="bbox 468 2595 1210 2638; baseline 0.004 -10"><span class='ocrx_word' id='word_1_395' title='bbox 468 2608 524 2629; x_wconf 88' lang='lat' dir='ltr'><strong>nec</strong></span> <span class='ocrx_word' id='word_1_396' title='bbox 541 2596 572 2629; x_wconf 92' lang='lat' dir='ltr'><strong>in</strong></span> <span class='ocrx_word' id='word_1_397' title='bbox 590 2595 696 2629; x_wconf 86' lang='lat' dir='ltr'><strong>eadem</strong></span> <span class='ocrx_word' id='word_1_398' title='bbox 708 2597 863 2630; x_wconf 87' lang='lat' dir='ltr'><strong>omnibus:</strong></span> <span class='ocrx_word' id='word_1_399' title='bbox 888 2609 942 2630; x_wconf 91' lang='lat' dir='ltr'><strong>nec</strong></span> <span class='ocrx_word' id='word_1_400' title='bbox 958 2596 1026 2631; x_wconf 87' lang='lat' dir='ltr'><strong>ullis</strong></span> <span class='ocrx_word' id='word_1_401' title='bbox 1043 2596 1210 2638; x_wconf 73' lang='lat' dir='ltr'><strong>achronioe,</strong></span> 
     </span>
     <span class='ocr_line' id='line_1_63' title="bbox 469 2643 1211 2690; baseline 0.003 -13"><span class='ocrx_word' id='word_1_402' title='bbox 469 2645 527 2677; x_wconf 84' lang='lat' dir='ltr'><strong>hoc</strong></span> <span class='ocrx_word' id='word_1_403' title='bbox 536 2643 579 2677; x_wconf 88' lang='lat' dir='ltr'><strong>est</strong></span> <span class='ocrx_word' id='word_1_404' title='bbox 588 2653 672 2678; x_wconf 83' lang='lat' dir='ltr'><strong>extra</strong></span> <span class='ocrx_word' id='word_1_405' title='bbox 685 2643 879 2678; x_wconf 86' lang='lat' dir='ltr'><strong>constitutum</strong></span> <span class='ocrx_word' id='word_1_406' title='bbox 888 2655 1017 2690; x_wconf 86' lang='lat' dir='ltr'><strong>tempus,</strong></span> <span class='ocrx_word' id='word_1_407' title='bbox 1029 2658 1142 2679; x_wconf 83' lang='lat' dir='ltr'><strong>annum</strong></span> <span class='ocrx_word' id='word_1_408' title='bbox 1155 2645 1211 2679; x_wconf 88' lang='lat' dir='ltr'><strong>scil.</strong></span> 
     </span>
    </p>
   </div>
   <div class='ocr_carea' id='block_1_13' title="bbox 469 2687 1212 2787">
    <p class='ocr_par' dir='ltr' id='par_1_15' title="bbox 469 2687 1212 2787">
     <span class='ocr_line' id='line_1_64' title="bbox 469 2687 1212 2738; baseline 0.003 -12"><span class='ocrx_word' id='word_1_409' title='bbox 469 2687 501 2726; x_wconf 63' lang='grc' dir='ltr'><strong>ὃ(</strong></span> <span class='ocrx_word' id='word_1_410' title='bbox 519 2691 611 2733; x_wconf 82' lang='lat' dir='ltr'><strong>diem,</strong></span> <span class='ocrx_word' id='word_1_411' title='bbox 647 2691 713 2738; x_wconf 89' lang='lat' dir='ltr'><strong>post</strong></span> <span class='ocrx_word' id='word_1_412' title='bbox 740 2692 829 2726; x_wconf 73' lang='lat' dir='ltr'><strong>scelus</strong></span> <span class='ocrx_word' id='word_1_413' title='bbox 851 2691 1061 2727; x_wconf 83' lang='lat' dir='ltr'><strong>commiffum:</strong></span> <span class='ocrx_word' id='word_1_414' title='bbox 1089 2704 1124 2727; x_wconf 88' lang='lat' dir='ltr'><strong>ut</strong></span> <span class='ocrx_word' id='word_1_415' title='bbox 1140 2694 1212 2728; x_wconf 82' lang='lat' dir='ltr'><strong>Stat.</strong></span> 
     </span>
     <span class='ocr_line' id='line_1_65' title="bbox 472 2740 738 2787; baseline 0 -13"><span class='ocrx_word' id='word_1_416' title='bbox 472 2740 617 2775; x_wconf 87' lang='lat' dir='ltr'><strong>Glocestr.</strong></span> <span class='ocrx_word' id='word_1_417' title='bbox 629 2753 692 2787; x_wconf 89' lang='lat' dir='ltr'><strong>cap.</strong></span> <span class='ocrx_word' id='word_1_418' title='bbox 707 2754 738 2787; x_wconf 89' lang='lat'><strong>9.</strong></span> 
     </span>
    </p>
   </div>
   <div class='ocr_carea' id='block_1_14' title="bbox 473 2787 1223 3458">
    <p class='ocr_par' dir='ltr' id='par_1_16' title="bbox 473 2787 1215 2977">
     <span class='ocr_line' id='line_1_66' title="bbox 521 2787 1213 2836; baseline 0.003 -14"><span class='ocrx_word' id='word_1_419' title='bbox 521 2792 658 2835; x_wconf 82' lang='lat' dir='ltr'><strong>Appellare</strong></span> <span class='ocrx_word' id='word_1_420' title='bbox 671 2800 746 2835; x_wconf 87' lang='lat' dir='ltr'><strong>ergo</strong></span> <span class='ocrx_word' id='word_1_421' title='bbox 763 2787 883 2829; x_wconf 87' lang='lat' dir='ltr'><strong>dicitur,</strong></span> <span class='ocrx_word' id='word_1_422' title='bbox 899 2790 951 2835; x_wconf 90' lang='lat' dir='ltr'><strong>qui</strong></span> <span class='ocrx_word' id='word_1_423' title='bbox 968 2793 1096 2836; x_wconf 85' lang='lat' dir='ltr'><strong>appellum</strong></span> <span class='ocrx_word' id='word_1_424' title='bbox 1115 2790 1213 2836; x_wconf 79' lang='lat' dir='ltr'><strong>prose-</strong></span> 
     </span>
     <span class='ocr_line' id='line_1_67' title="bbox 473 2836 1212 2884; baseline 0 -12"><span class='ocrx_word' id='word_1_425' title='bbox 473 2838 574 2884; x_wconf 83' lang='lat' dir='ltr'><strong>quitur</strong></span> <span class='ocrx_word' id='word_1_426' title='bbox 582 2851 598 2881; x_wconf 20' lang='lat'><strong>⁷3</strong></span> <span class='ocrx_word' id='word_1_427' title='bbox 622 2840 772 2883; x_wconf 78' lang='lat' dir='ltr'><strong>Appellam,</strong></span> <span class='ocrx_word' id='word_1_428' title='bbox 793 2836 909 2880; x_wconf 57' lang='lat' dir='ltr'><strong>Aemi-3</strong></span> <span class='ocrx_word' id='word_1_429' title='bbox 941 2841 1104 2884; x_wconf 84' lang='lat' dir='ltr'><em>Appellatus,</em></span> <span class='ocrx_word' id='word_1_430' title='bbox 1126 2850 1212 2872; x_wconf 88' lang='lat' dir='ltr'><strong>reus:</strong></span> 
     </span>
     <span class='ocr_line' id='line_1_68' title="bbox 475 2884 1215 2933; baseline 0 -13"><span class='ocrx_word' id='word_1_431' title='bbox 475 2899 543 2932; x_wconf 81' lang='lat' dir='ltr'><strong>quae</strong></span> <span class='ocrx_word' id='word_1_432' title='bbox 560 2896 662 2920; x_wconf 88' lang='lat' dir='ltr'><strong>tamen</strong></span> <span class='ocrx_word' id='word_1_433' title='bbox 679 2886 782 2920; x_wconf 82' lang='lat' dir='ltr'>onmia</span> <span class='ocrx_word' id='word_1_434' title='bbox 799 2885 880 2932; x_wconf 85' lang='lat' dir='ltr'><strong>apud</strong></span> <span class='ocrx_word' id='word_1_435' title='bbox 890 2898 943 2919; x_wconf 89' lang='lat' dir='ltr'><strong>nos</strong></span> <span class='ocrx_word' id='word_1_436' title='bbox 959 2885 1029 2921; x_wconf 59' lang='lat' dir='ltr'><strong>alias</strong></span> <span class='ocrx_word' id='word_1_437' title='bbox 1038 2884 1215 2933; x_wconf 72' lang='lat' dir='ltr'><strong>significant,</strong></span> 
     </span>
     <span class='ocr_line' id='line_1_69' title="bbox 477 2934 761 2977; baseline 0 -10"><span class='ocrx_word' id='word_1_438' title='bbox 477 2944 511 2967; x_wconf 85' lang='lat' dir='ltr'><strong>ut</strong></span> <span class='ocrx_word' id='word_1_439' title='bbox 530 2935 560 2966; x_wconf 89' lang='lat' dir='ltr'><strong>in</strong></span> <span class='ocrx_word' id='word_1_440' title='bbox 573 2936 643 2977; x_wconf 87' lang='lat' dir='ltr'><strong>Jure</strong></span> <span class='ocrx_word' id='word_1_441' title='bbox 661 2934 761 2968; x_wconf 87' lang='lat' dir='ltr'><strong>Civili.</strong></span> 
     </span>
    </p>

    <p class='ocr_par' dir='ltr' id='par_1_17' title="bbox 478 2980 1223 3458">
     <span class='ocr_line' id='line_1_70' title="bbox 524 2980 1216 3029; baseline 0.007 -15"><span class='ocrx_word' id='word_1_442' title='bbox 524 2981 560 3022; x_wconf 64' lang='lat' dir='ltr'><strong>qT</strong></span> <span class='ocrx_word' id='word_1_443' title='bbox 598 2980 820 3028; x_wconf 56' lang='lat' dir='ltr'><strong>Appenaei&#39;am</strong></span> <span class='ocrx_word' id='word_1_444' title='bbox 833 3005 846 3025; x_wconf 83' lang='lat'><strong>,</strong></span> <span class='ocrx_word' id='word_1_445' title='bbox 890 2984 923 3016; x_wconf 88' lang='lat'>&amp;</span> <span class='ocrx_word' id='word_1_446' title='bbox 947 2980 1175 3029; x_wconf 76' lang='lat' dir='ltr'><strong>Appanagium</strong></span> <span class='ocrx_word' id='word_1_447' title='bbox 1198 2982 1216 3028; x_wconf 95' lang='lat'>]</span> 
     </span>
     <span class='ocr_line' id='line_1_71' title="bbox 479 3027 1217 3079; baseline 0.009 -20"><span class='ocrx_word' id='word_1_448' title='bbox 479 3027 570 3074; x_wconf 87' lang='lat' dir='ltr'><strong>Apud</strong></span> <span class='ocrx_word' id='word_1_449' title='bbox 583 3029 712 3061; x_wconf 79' lang='lat' dir='ltr'>Francos</span> <span class='ocrx_word' id='word_1_450' title='bbox 726 3031 844 3070; x_wconf 87' lang='lat' dir='ltr'><strong>dicitur,</strong></span> <span class='ocrx_word' id='word_1_451' title='bbox 867 3030 916 3064; x_wconf 80' lang='lat' dir='ltr'><strong>illa</strong></span> <span class='ocrx_word' id='word_1_452' title='bbox 934 3030 1129 3066; x_wconf 88' lang='lat' dir='ltr'><strong>dominorum</strong></span> <span class='ocrx_word' id='word_1_453' title='bbox 1140 3044 1217 3079; x_wconf 84' lang='lat' dir='ltr'><strong>prae-</strong></span> 
     </span>
     <span class='ocr_line' id='line_1_72' title="bbox 478 3075 1219 3125; baseline 0.007 -17"><span class='ocrx_word' id='word_1_454' title='bbox 478 3075 657 3121; x_wconf 85' lang='lat' dir='ltr'><strong>diorumque</strong></span> <span class='ocrx_word' id='word_1_455' title='bbox 675 3076 783 3120; x_wconf 88' lang='lat' dir='ltr'><strong>portio,</strong></span> <span class='ocrx_word' id='word_1_456' title='bbox 805 3088 895 3121; x_wconf 82' lang='lat' dir='ltr'><strong>quam</strong></span> <span class='ocrx_word' id='word_1_457' title='bbox 909 3080 1011 3125; x_wconf 87' lang='lat' dir='ltr'><strong>Reges</strong></span> <span class='ocrx_word' id='word_1_458' title='bbox 1020 3080 1219 3124; x_wconf 85' lang='lat' dir='ltr'><strong>Franciae(eo-</strong></span> 
     </span>
     <span class='ocr_line' id='line_1_73' title="bbox 481 3122 1220 3169; baseline 0.008 -12"><span class='ocrx_word' id='word_1_459' title='bbox 481 3136 608 3169; x_wconf 84' lang='lat' dir='ltr'><strong>rumque</strong></span> <span class='ocrx_word' id='word_1_460' title='bbox 618 3122 757 3169; x_wconf 80' lang='lat' dir='ltr'><strong>exemplo</strong></span> <span class='ocrx_word' id='word_1_461' title='bbox 766 3125 1075 3168; x_wconf 82' lang='lat' dir='ltr'><strong>proceres)1ninoribus</strong></span> <span class='ocrx_word' id='word_1_462' title='bbox 1092 3128 1147 3162; x_wconf 85' lang='lat' dir='ltr'><strong>suis</strong></span> <span class='ocrx_word' id='word_1_463' title='bbox 1164 3127 1220 3162; x_wconf 85' lang='lat' dir='ltr'><strong>fili—</strong></span> 
     </span>
     <span class='ocr_line' id='line_1_74' title="bbox 480 3169 1221 3217; baseline 0.005 -12"><span class='ocrx_word' id='word_1_464' title='bbox 480 3173 503 3205; x_wconf 79' lang='lat' dir='ltr'><strong>is</strong></span> <span class='ocrx_word' id='word_1_465' title='bbox 520 3172 550 3204; x_wconf 87' lang='lat' dir='ltr'><strong>in</strong></span> <span class='ocrx_word' id='word_1_466' title='bbox 568 3172 780 3217; x_wconf 82' lang='lat' dir='ltr'><strong>patrimonium</strong></span> <span class='ocrx_word' id='word_1_467' title='bbox 798 3169 972 3215; x_wconf 81' lang='lat' dir='ltr'><strong>largimitur.</strong></span> <span class='ocrx_word' id='word_1_468' title='bbox 991 3173 1054 3204; x_wconf 88' lang='lat' dir='ltr'><strong>Sub</strong></span> <span class='ocrx_word' id='word_1_469' title='bbox 1061 3174 1170 3208; x_wconf 83' lang='lat' dir='ltr'><strong>fiducia</strong></span> <span class='ocrx_word' id='word_1_470' title='bbox 1177 3186 1221 3209; x_wconf 93' lang='lat' dir='ltr'><strong>ta-</strong></span> 
     </span>
     <span class='ocr_line' id='line_1_75' title="bbox 484 3216 1221 3264; baseline 0.001 -11"><span class='ocrx_word' id='word_1_471' title='bbox 484 3232 567 3260; x_wconf 86' lang='lat' dir='ltr'><strong>men,</strong></span> <span class='ocrx_word' id='word_1_472' title='bbox 584 3230 617 3252; x_wconf 90' lang='lat' dir='ltr'><strong>ut</strong></span> <span class='ocrx_word' id='word_1_473' title='bbox 630 3216 785 3253; x_wconf 82' lang='lat' dir='ltr'><strong>deficiente</strong></span> <span class='ocrx_word' id='word_1_474' title='bbox 815 3218 899 3264; x_wconf 87' lang='lat' dir='ltr'><strong>prole</strong></span> <span class='ocrx_word' id='word_1_475' title='bbox 917 3219 1058 3261; x_wconf 71' lang='lat' dir='ltr'><strong>mascula,</strong></span> <span class='ocrx_word' id='word_1_476' title='bbox 1080 3220 1119 3252; x_wconf 91' lang='lat' dir='ltr'><strong>ad</strong></span> <span class='ocrx_word' id='word_1_477' title='bbox 1129 3220 1221 3254; x_wconf 89' lang='lat' dir='ltr'><strong>dona—</strong></span> 
     </span>
     <span class='ocr_line' id='line_1_76' title="bbox 484 3265 1222 3311; baseline 0 -10"><span class='ocrx_word' id='word_1_478' title='bbox 484 3278 582 3301; x_wconf 85' lang='lat' dir='ltr'><strong>torem</strong></span> <span class='ocrx_word' id='word_1_479' title='bbox 599 3266 760 3307; x_wconf 86' lang='lat' dir='ltr'><strong>redeat,vel</strong></span> <span class='ocrx_word' id='word_1_480' title='bbox 780 3265 866 3311; x_wconf 83' lang='lat' dir='ltr'><strong>ipfius</strong></span> <span class='ocrx_word' id='word_1_481' title='bbox 883 3266 1050 3301; x_wconf 83' lang='lat' dir='ltr'><strong>haeredem:</strong></span> <span class='ocrx_word' id='word_1_482' title='bbox 1067 3271 1099 3301; x_wconf 72' lang='grc' dir='ltr'><strong>ὅ(</strong></span> <span class='ocrx_word' id='word_1_483' title='bbox 1112 3267 1151 3301; x_wconf 89' lang='lat' dir='ltr'><strong>ab</strong></span> <span class='ocrx_word' id='word_1_484' title='bbox 1164 3267 1222 3301; x_wconf 84' lang='lat' dir='ltr'><strong>istis</strong></span> 
     </span>
     <span class='ocr_line' id='line_1_77' title="bbox 482 3314 1223 3362; baseline 0.001 -13"><span class='ocrx_word' id='word_1_485' title='bbox 482 3315 605 3362; x_wconf 84' lang='lat' dir='ltr'><strong>quidem</strong></span> <span class='ocrx_word' id='word_1_486' title='bbox 618 3314 821 3361; x_wconf 77' lang='lat' dir='ltr'><strong>appennag&#39;iiS,</strong></span> <span class='ocrx_word' id='word_1_487' title='bbox 843 3315 971 3348; x_wconf 87' lang='lat' dir='ltr'><strong>minores</strong></span> <span class='ocrx_word' id='word_1_488' title='bbox 988 3314 1030 3348; x_wconf 80' lang='lat' dir='ltr'><strong>issi</strong></span> <span class='ocrx_word' id='word_1_489' title='bbox 1042 3314 1094 3349; x_wconf 80' lang='lat' dir='ltr'><strong>filii</strong></span> <span class='ocrx_word' id='word_1_490' title='bbox 1113 3316 1161 3350; x_wconf 77' lang='lat' dir='ltr'><strong>ffia</strong></span> <span class='ocrx_word' id='word_1_491' title='bbox 1179 3316 1223 3350; x_wconf 75' lang='lat' dir='ltr'><strong>so-</strong></span> 
     </span>
     <span class='ocr_line' id='line_1_78' title="bbox 483 3356 1223 3408; baseline 0.003 -11"><span class='ocrx_word' id='word_1_492' title='bbox 483 3364 545 3398; x_wconf 85' lang='lat' dir='ltr'><strong>lent</strong></span> <span class='ocrx_word' id='word_1_493' title='bbox 562 3356 714 3397; x_wconf 73' lang='lat' dir='ltr'><strong>adsciscere</strong></span> <span class='ocrx_word' id='word_1_494' title='bbox 724 3362 912 3408; x_wconf 73' lang='lat' dir='ltr'><strong>cognomina„</strong></span> <span class='ocrx_word' id='word_1_495' title='bbox 961 3364 1174 3398; x_wconf 83' lang='lat' dir='ltr'><strong>Hotomannus</strong></span> <span class='ocrx_word' id='word_1_496' title='bbox 1191 3365 1223 3400; x_wconf 87' lang='lat' dir='ltr'><strong>in</strong></span> 
     </span>
     <span class='ocr_line' id='line_1_79' title="bbox 486 3409 1223 3458; baseline 0.003 -13"><span class='ocrx_word' id='word_1_497' title='bbox 486 3413 511 3445; x_wconf 84' lang='lat' dir='ltr'>F</span> <span class='ocrx_word' id='word_1_498' title='bbox 513 3411 718 3458; x_wconf 65' lang='lat' dir='ltr'><strong>iunco-gallia,</strong></span> <span class='ocrx_word' id='word_1_499' title='bbox 728 3423 791 3458; x_wconf 87' lang='lat' dir='ltr'><strong>cap.</strong></span> <span class='ocrx_word' id='word_1_500' title='bbox 805 3423 836 3456; x_wconf 88' lang='lat'><strong>9.</strong></span> <span class='ocrx_word' id='word_1_501' title='bbox 860 3410 1040 3447; x_wconf 82' lang='lat' dir='ltr'><strong>vocabulum</strong></span> <span class='ocrx_word' id='word_1_502' title='bbox 1059 3409 1177 3447; x_wconf 62' lang='lat' dir='ltr'><strong>factum</strong></span> <span class='ocrx_word' id='word_1_503' title='bbox 1189 3425 1223 3447; x_wconf 90' lang='lat' dir='ltr'><strong>o-</strong></span> 
     </span>
    </p>
   </div>
   <div class='ocr_carea' id='block_1_15' title="bbox 1226 955 1978 1440">
    <p class='ocr_par' dir='ltr' id='par_1_18' title="bbox 1226 955 1978 1440">
     <span class='ocr_line' id='line_1_80' title="bbox 1226 955 1971 999; baseline -0.007 -8"><span class='ocrx_word' id='word_1_504' title='bbox 1226 959 1393 998; x_wconf 78' lang='lat' dir='ltr'><strong>vocabulum,</strong></span> <span class='ocrx_word' id='word_1_505' title='bbox 1409 962 1582 990; x_wconf 80' lang='lat' dir='ltr'><strong>communiter</strong></span> <span class='ocrx_word' id='word_1_506' title='bbox 1612 960 1696 988; x_wconf 82' lang='lat' dir='ltr'><strong>etiam</strong></span> <span class='ocrx_word' id='word_1_507' title='bbox 1719 957 1806 999; x_wconf 81' lang='lat' dir='ltr'><strong>postea</strong></span> <span class='ocrx_word' id='word_1_508' title='bbox 1836 955 1971 999; x_wconf 68' lang='lat' dir='ltr'><strong>ustarpavi-</strong></span> 
     </span>
     <span class='ocr_line' id='line_1_81' title="bbox 1228 1004 1969 1046; baseline -0.005 -8"><span class='ocrx_word' id='word_1_509' title='bbox 1228 1020 1287 1038; x_wconf 85' lang='lat' dir='ltr'><strong>mus</strong></span> <span class='ocrx_word' id='word_1_510' title='bbox 1322 1011 1439 1046; x_wconf 83' lang='lat' dir='ltr'><strong>Franci,</strong></span> <span class='ocrx_word' id='word_1_511' title='bbox 1480 1007 1552 1036; x_wconf 81' lang='lat' dir='ltr'><strong>velut</strong></span> <span class='ocrx_word' id='word_1_512' title='bbox 1574 1004 1589 1036; x_wconf 74' lang='grc' dir='ltr'><em>ὲ</em></span> <span class='ocrx_word' id='word_1_513' title='bbox 1615 1007 1834 1036; x_wconf 82' lang='lat' dir='ltr'><strong>Franco-Graecia</strong></span> <span class='ocrx_word' id='word_1_514' title='bbox 1858 1014 1969 1044; x_wconf 82' lang='lat' dir='ltr'><strong>ortum,</strong></span> 
     </span>
     <span class='ocr_line' id='line_1_82' title="bbox 1229 1053 1972 1096; baseline -0.005 -9"><span class='ocrx_word' id='word_1_515' title='bbox 1229 1065 1260 1087; x_wconf 80' lang='lat' dir='ltr'><strong>ut</strong></span> <span class='ocrx_word' id='word_1_516' title='bbox 1277 1056 1357 1094; x_wconf 75' lang='lat' dir='ltr'><strong>refhrt</strong></span> <span class='ocrx_word' id='word_1_517' title='bbox 1382 1056 1482 1087; x_wconf 87' lang='lat' dir='ltr'><em>Paulus</em></span> <span class='ocrx_word' id='word_1_518' title='bbox 1514 1056 1644 1092; x_wconf 84' lang='lat' dir='ltr'><strong>AEmylius</strong></span> <span class='ocrx_word' id='word_1_519' title='bbox 1679 1057 1710 1084; x_wconf 87' lang='lat' dir='ltr'><strong>in</strong></span> <span class='ocrx_word' id='word_1_520' title='bbox 1737 1053 1857 1096; x_wconf 76' lang='lat' dir='ltr'><strong>Philippo</strong></span> <span class='ocrx_word' id='word_1_521' title='bbox 1891 1054 1972 1083; x_wconf 74' lang='lat' dir='ltr'><strong>Theo-</strong></span> 
     </span>
     <span class='ocr_line' id='line_1_83' title="bbox 1229 1099 1972 1146; baseline -0.005 -11"><span class='ocrx_word' id='word_1_522' title='bbox 1229 1105 1291 1136; x_wconf 78' lang='lat' dir='ltr'><strong>dato</strong></span> <span class='ocrx_word' id='word_1_523' title='bbox 1316 1108 1477 1135; x_wconf 83' lang='lat' dir='ltr'><em>Francorum</em></span> <span class='ocrx_word' id='word_1_524' title='bbox 1501 1106 1578 1146; x_wconf 76' lang='lat' dir='ltr'><strong>Rege.</strong></span> <span class='ocrx_word' id='word_1_525' title='bbox 1626 1102 1709 1132; x_wconf 77' lang='lat' dir='ltr'><em>vnde</em></span> <span class='ocrx_word' id='word_1_526' title='bbox 1740 1113 1788 1132; x_wconf 87' lang='lat' dir='ltr'><strong>nec</strong></span> <span class='ocrx_word' id='word_1_527' title='bbox 1822 1099 1972 1132; x_wconf 79' lang='lat' dir='ltr'><strong>verebimur</strong></span> 
     </span>
     <span class='ocr_line' id='line_1_84' title="bbox 1231 1149 1974 1193; baseline -0.007 -9"><span class='ocrx_word' id='word_1_528' title='bbox 1231 1165 1292 1184; x_wconf 82' lang='lat' dir='ltr'><strong>cum</strong></span> <span class='ocrx_word' id='word_1_529' title='bbox 1319 1153 1453 1191; x_wconf 75' lang='lat' dir='ltr'><strong>AEmyli&#39;o,</strong></span> <span class='ocrx_word' id='word_1_530' title='bbox 1494 1151 1540 1181; x_wconf 84' lang='lat' dir='ltr'><strong>hoc</strong></span> <span class='ocrx_word' id='word_1_531' title='bbox 1557 1154 1587 1181; x_wconf 81' lang='lat' dir='ltr'><strong>in</strong></span> <span class='ocrx_word' id='word_1_532' title='bbox 1605 1159 1699 1193; x_wconf 79' lang='lat' dir='ltr'><strong>opere,</strong></span> <span class='ocrx_word' id='word_1_533' title='bbox 1713 1149 1824 1192; x_wconf 80' lang='lat' dir='ltr'><strong>sparsim</strong></span> <span class='ocrx_word' id='word_1_534' title='bbox 1856 1152 1974 1192; x_wconf 82' lang='lat' dir='ltr'><strong>Panagii</strong></span> 
     </span>
     <span class='ocr_line' id='line_1_85' title="bbox 1232 1199 1976 1245; baseline -0.007 -13"><span class='ocrx_word' id='word_1_535' title='bbox 1232 1200 1308 1233; x_wconf 78' lang='lat' dir='ltr'><strong>verbo</strong></span> <span class='ocrx_word' id='word_1_536' title='bbox 1319 1205 1371 1240; x_wconf 80' lang='lat' dir='ltr'><strong>uti,</strong></span> <span class='ocrx_word' id='word_1_537' title='bbox 1389 1211 1438 1245; x_wconf 86' lang='lat' dir='ltr'><strong>pro</strong></span> <span class='ocrx_word' id='word_1_538' title='bbox 1463 1212 1492 1231; x_wconf 81' lang='lat' dir='ltr'><strong>eo</strong></span> <span class='ocrx_word' id='word_1_539' title='bbox 1509 1200 1579 1243; x_wconf 80' lang='lat' dir='ltr'><strong>quod</strong></span> <span class='ocrx_word' id='word_1_540' title='bbox 1606 1201 1808 1242; x_wconf 80' lang='lat' dir='ltr'><strong>Appennagium</strong></span> <span class='ocrx_word' id='word_1_541' title='bbox 1825 1199 1918 1241; x_wconf 84' lang='lat' dir='ltr'><em>vulgus</em></span> <span class='ocrx_word' id='word_1_542' title='bbox 1930 1210 1976 1228; x_wconf 82' lang='lat' dir='ltr'><strong>vo-</strong></span> 
     </span>
     <span class='ocr_line' id='line_1_86' title="bbox 1233 1242 1977 1292; baseline -0.008 -11"><span class='ocrx_word' id='word_1_543' title='bbox 1233 1260 1285 1281; x_wconf 83' lang='lat' dir='ltr'><strong>cat.</strong></span> <span class='ocrx_word' id='word_1_544' title='bbox 1309 1248 1350 1280; x_wconf 86' lang='lat' dir='ltr'><strong>Et</strong></span> <span class='ocrx_word' id='word_1_545' title='bbox 1361 1246 1410 1281; x_wconf 87' lang='lat' dir='ltr'><strong>lib.</strong></span> <span class='ocrx_word' id='word_1_546' title='bbox 1431 1259 1463 1281; x_wconf 89' lang='lat'><strong>2.</strong></span> <span class='ocrx_word' id='word_1_547' title='bbox 1485 1258 1548 1292; x_wconf 89' lang='lat' dir='ltr'><strong>cap.</strong></span> <span class='ocrx_word' id='word_1_548' title='bbox 1569 1258 1601 1279; x_wconf 88' lang='lat'><strong>2.</strong></span> <span class='ocrx_word' id='word_1_549' title='bbox 1625 1250 1780 1290; x_wconf 83' lang='lat' dir='ltr'><strong>Panagium</strong></span> <span class='ocrx_word' id='word_1_550' title='bbox 1812 1242 1885 1276; x_wconf 87' lang='lat' dir='ltr'><strong>dicit</strong></span> <span class='ocrx_word' id='word_1_551' title='bbox 1905 1254 1977 1290; x_wconf 89' lang='lat' dir='ltr'><strong>qua-</strong></span> 
     </span>
     <span class='ocr_line' id='line_1_87' title="bbox 1235 1292 1978 1336; baseline -0.008 -6"><span class='ocrx_word' id='word_1_552' title='bbox 1235 1295 1257 1330; x_wconf 88' lang='lat' dir='ltr'>fi</span> <span class='ocrx_word' id='word_1_553' title='bbox 1274 1296 1307 1328; x_wconf 64' lang='lat' dir='ltr'><strong>w*</strong></span> <span class='ocrx_word' id='word_1_554' title='bbox 1329 1295 1386 1330; x_wconf 66' lang='grc' dir='ltr'><strong>πεῖν</strong></span> <span class='ocrx_word' id='word_1_555' title='bbox 1411 1293 1491 1335; x_wconf 62' lang='grc' dir='ltr'><strong>ἆγον</strong></span> <span class='ocrx_word' id='word_1_556' title='bbox 1508 1319 1519 1336; x_wconf 90' lang='grc'><strong>,</strong></span> <span class='ocrx_word' id='word_1_557' title='bbox 1559 1293 1592 1327; x_wconf 88' lang='lat' dir='ltr'><strong>id</strong></span> <span class='ocrx_word' id='word_1_558' title='bbox 1622 1293 1666 1327; x_wconf 90' lang='lat' dir='ltr'><strong>est</strong></span> <span class='ocrx_word' id='word_1_559' title='bbox 1683 1319 1694 1336; x_wconf 91' lang='lat'><strong>,</strong></span> <span class='ocrx_word' id='word_1_560' title='bbox 1728 1301 1828 1326; x_wconf 89' lang='lat' dir='ltr'><strong>totum</strong></span> <span class='ocrx_word' id='word_1_561' title='bbox 1852 1292 1978 1332; x_wconf 65' lang='lat' dir='ltr'><strong>sacrum,</strong></span> 
     </span>
     <span class='ocr_line' id='line_1_88' title="bbox 1234 1339 1975 1391; baseline -0.008 -13"><span class='ocrx_word' id='word_1_562' title='bbox 1234 1354 1394 1391; x_wconf 86' lang='lat' dir='ltr'><strong>propterea</strong></span> <span class='ocrx_word' id='word_1_563' title='bbox 1431 1342 1514 1390; x_wconf 88' lang='lat' dir='ltr'><strong>quod</strong></span> <span class='ocrx_word' id='word_1_564' title='bbox 1543 1341 1722 1386; x_wconf 83' lang='lat' dir='ltr'><strong>domanium</strong></span> <span class='ocrx_word' id='word_1_565' title='bbox 1762 1340 1865 1387; x_wconf 85' lang='lat' dir='ltr'><strong>Regni</strong></span> <span class='ocrx_word' id='word_1_566' title='bbox 1905 1339 1975 1383; x_wconf 81' lang='lat' dir='ltr'><strong>(ex</strong></span> 
     </span>
     <span class='ocr_line' id='line_1_89' title="bbox 1235 1388 1977 1440; baseline -0.007 -14"><span class='ocrx_word' id='word_1_567' title='bbox 1235 1405 1297 1440; x_wconf 91' lang='lat' dir='ltr'><strong>quo</strong></span> <span class='ocrx_word' id='word_1_568' title='bbox 1327 1390 1526 1426; x_wconf 90' lang='lat' dir='ltr'><strong>conficiuntur</strong></span> <span class='ocrx_word' id='word_1_569' title='bbox 1550 1390 1742 1438; x_wconf 84' lang='lat' dir='ltr'><strong>appennagia</strong></span> <span class='ocrx_word' id='word_1_570' title='bbox 1754 1390 1767 1428; x_wconf 89' lang='lat'><em>)</em></span> <span class='ocrx_word' id='word_1_571' title='bbox 1789 1388 1977 1423; x_wconf 67' lang='lat' dir='ltr'><strong>sacro-fan&amp;-</strong></span> 
     </span>
    </p>
   </div>
   <div class='ocr_carea' id='block_1_16' title="bbox 1236 1437 1978 1524">
    <p class='ocr_par' dir='ltr' id='par_1_19' title="bbox 1236 1437 1978 1524">
     <span class='ocr_line' id='line_1_90' title="bbox 1236 1437 1978 1487; baseline -0.008 -12"><span class='ocrx_word' id='word_1_572' title='bbox 1236 1454 1291 1475; x_wconf 91' lang='lat' dir='ltr'><strong>um</strong></span> <span class='ocrx_word' id='word_1_573' title='bbox 1308 1441 1362 1482; x_wconf 88' lang='lat' dir='ltr'><strong>est,</strong></span> <span class='ocrx_word' id='word_1_574' title='bbox 1385 1451 1557 1487; x_wconf 82' lang='lat' dir='ltr'><strong>purumque</strong></span> <span class='ocrx_word' id='word_1_575' title='bbox 1576 1449 1756 1486; x_wconf 83' lang='lat' dir='ltr'><strong>putumque,</strong></span> <span class='ocrx_word' id='word_1_576' title='bbox 1784 1448 1818 1472; x_wconf 89' lang='lat' dir='ltr'><strong>ut</strong></span> <span class='ocrx_word' id='word_1_577' title='bbox 1836 1437 1892 1472; x_wconf 73' lang='lat' dir='ltr'><strong>fiiis</strong></span> <span class='ocrx_word' id='word_1_578' title='bbox 1911 1446 1978 1469; x_wconf 86' lang='lat' dir='ltr'><strong>utar</strong></span> 
     </span>
     <span class='ocr_line' id='line_1_91' title="bbox 1237 1489 1345 1524; baseline -0.009 0"><span class='ocrx_word' id='word_1_579' title='bbox 1237 1489 1345 1524; x_wconf 85' lang='lat' dir='ltr'><strong>verbis.</strong></span> 
     </span>
    </p>
   </div>
   <div class='ocr_carea' id='block_1_17' title="bbox 1287 1532 2143 1590">
    <p class='ocr_par' dir='ltr' id='par_1_20' title="bbox 1287 1532 2143 1590">
     <span class='ocr_line' id='line_1_92' title="bbox 1287 1532 2143 1590; baseline -0.008 -18"><span class='ocrx_word' id='word_1_580' title='bbox 1287 1537 1371 1573; x_wconf 87' lang='lat' dir='ltr'>Mihi</span> <span class='ocrx_word' id='word_1_581' title='bbox 1382 1547 1486 1571; x_wconf 90' lang='lat' dir='ltr'><strong>autem</strong></span> <span class='ocrx_word' id='word_1_582' title='bbox 1501 1535 1621 1571; x_wconf 89' lang='lat' dir='ltr'><strong>videtur</strong></span> <span class='ocrx_word' id='word_1_583' title='bbox 1628 1540 1776 1582; x_wconf 84' lang='lat' dir='ltr'><em>panagium</em></span> <span class='ocrx_word' id='word_1_584' title='bbox 1784 1533 1844 1568; x_wconf 91' lang='lat' dir='ltr'><strong>dici</strong></span> <span class='ocrx_word' id='word_1_585' title='bbox 1861 1532 1878 1567; x_wconf 75' lang='lat' dir='ltr'><strong>a</strong></span> <span class='ocrx_word' id='word_1_586' title='bbox 1891 1544 1979 1590; x_wconf 63' lang='lat' dir='ltr'><strong>pane,</strong></span> <span class='ocrx_word' id='word_1_587' title='bbox 1994 1546 2143 1588; x_wconf 57' lang='lat' dir='ltr'><em>Panagiumg</em></span> 
     </span>
    </p>
   </div>
   <div class='ocr_carea' id='block_1_18' title="bbox 1240 1584 1991 2013">
    <p class='ocr_par' dir='ltr' id='par_1_21' title="bbox 1240 1584 1991 2013">
     <span class='ocr_line' id='line_1_93' title="bbox 1240 1584 1980 1631; baseline -0.007 -13"><span class='ocrx_word' id='word_1_588' title='bbox 1240 1595 1274 1618; x_wconf 90' lang='lat' dir='ltr'><strong>ut</strong></span> <span class='ocrx_word' id='word_1_589' title='bbox 1293 1587 1426 1631; x_wconf 83' lang='lat' dir='ltr'><strong>itemque</strong></span> <span class='ocrx_word' id='word_1_590' title='bbox 1443 1584 1524 1631; x_wconf 90' lang='lat' dir='ltr'><strong>apud</strong></span> <span class='ocrx_word' id='word_1_591' title='bbox 1542 1584 1789 1618; x_wconf 84' lang='lat' dir='ltr'><strong>barbaro-latinos</strong></span> <span class='ocrx_word' id='word_1_592' title='bbox 1805 1588 1944 1628; x_wconf 73' lang='lat' dir='ltr'><strong>potagz‘um</strong></span> <span class='ocrx_word' id='word_1_593' title='bbox 1961 1594 1980 1614; x_wconf 84' lang='lat' dir='ltr'><strong>a</strong></span> 
     </span>
     <span class='ocr_line' id='line_1_94' title="bbox 1241 1631 1981 1678; baseline -0.004 -12"><span class='ocrx_word' id='word_1_594' title='bbox 1241 1641 1324 1678; x_wconf 91' lang='lat' dir='ltr'><strong>potu.</strong></span> <span class='ocrx_word' id='word_1_595' title='bbox 1346 1633 1388 1666; x_wconf 88' lang='lat' dir='ltr'><strong>Et</strong></span> <span class='ocrx_word' id='word_1_596' title='bbox 1403 1642 1557 1673; x_wconf 84' lang='lat' dir='ltr'><strong>neutrum,</strong></span> <span class='ocrx_word' id='word_1_597' title='bbox 1573 1632 1816 1665; x_wconf 81' lang='lat' dir='ltr'><strong>terminationem</strong></span> <span class='ocrx_word' id='word_1_598' title='bbox 1837 1631 1981 1664; x_wconf 87' lang='lat' dir='ltr'><strong>Graecam</strong></span> 
     </span>
     <span class='ocr_line' id='line_1_95' title="bbox 1241 1677 1983 1724; baseline -0.003 -12"><span class='ocrx_word' id='word_1_599' title='bbox 1241 1680 1357 1712; x_wconf 87' lang='lat' dir='ltr'><strong>ambire</strong></span> <span class='ocrx_word' id='word_1_600' title='bbox 1375 1684 1387 1720; x_wconf 94' lang='lat'><em>(</em></span> <span class='ocrx_word' id='word_1_601' title='bbox 1399 1690 1434 1712; x_wconf 86' lang='lat' dir='ltr'><strong>ut</strong></span> <span class='ocrx_word' id='word_1_602' title='bbox 1447 1692 1503 1713; x_wconf 90' lang='lat' dir='ltr'><strong>nec</strong></span> <span class='ocrx_word' id='word_1_603' title='bbox 1520 1689 1628 1713; x_wconf 85' lang='lat' dir='ltr'><strong>caetera</strong></span> <span class='ocrx_word' id='word_1_604' title='bbox 1646 1677 1788 1724; x_wconf 77' lang='lat' dir='ltr'><strong>ejufinodi</strong></span> <span class='ocrx_word' id='word_1_605' title='bbox 1800 1679 1812 1716; x_wconf 90' lang='lat'><em>)</em></span> <span class='ocrx_word' id='word_1_606' title='bbox 1835 1678 1885 1711; x_wconf 87' lang='lat' dir='ltr'><strong>sed</strong></span> <span class='ocrx_word' id='word_1_607' title='bbox 1898 1678 1983 1710; x_wconf 89' lang='lat' dir='ltr'><strong>Lati-</strong></span> 
     </span>
     <span class='ocr_line' id='line_1_96' title="bbox 1243 1725 1984 1773; baseline -0.003 -12"><span class='ocrx_word' id='word_1_608' title='bbox 1243 1739 1314 1761; x_wconf 86' lang='lat' dir='ltr'><strong>nam</strong></span> <span class='ocrx_word' id='word_1_609' title='bbox 1332 1726 1502 1773; x_wconf 82' lang='lat' dir='ltr'><strong>agnoscere,</strong></span> <span class='ocrx_word' id='word_1_610' title='bbox 1519 1732 1623 1770; x_wconf 83' lang='lat' dir='ltr'><strong>agium‚</strong></span> <span class='ocrx_word' id='word_1_611' title='bbox 1640 1726 1680 1758; x_wconf 91' lang='lat' dir='ltr'><strong>ab</strong></span> <span class='ocrx_word' id='word_1_612' title='bbox 1696 1739 1756 1770; x_wconf 85' lang='lat' dir='ltr'><strong>ago,</strong></span> <span class='ocrx_word' id='word_1_613' title='bbox 1767 1725 1849 1771; x_wconf 89' lang='lat' dir='ltr'><strong>quod</strong></span> <span class='ocrx_word' id='word_1_614' title='bbox 1861 1726 1984 1759; x_wconf 84' lang='lat' dir='ltr'><strong>incom-</strong></span> 
     </span>
     <span class='ocr_line' id='line_1_97' title="bbox 1243 1772 1985 1822; baseline -0.004 -14"><span class='ocrx_word' id='word_1_615' title='bbox 1243 1774 1386 1822; x_wconf 79' lang='lat' dir='ltr'><strong>positione</strong></span> <span class='ocrx_word' id='word_1_616' title='bbox 1400 1773 1545 1821; x_wconf 84' lang='lat' dir='ltr'><strong>significat</strong></span> <span class='ocrx_word' id='word_1_617' title='bbox 1554 1772 1670 1815; x_wconf 62' lang='lat' dir='ltr'><strong>actum,</strong></span> <span class='ocrx_word' id='word_1_618' title='bbox 1691 1772 1917 1813; x_wconf 78' lang='lat' dir='ltr'><strong>exhibitionem,</strong></span> <span class='ocrx_word' id='word_1_619' title='bbox 1933 1773 1985 1806; x_wconf 81' lang='lat' dir='ltr'><strong>vel</strong></span> 
     </span>
     <span class='ocr_line' id='line_1_98' title="bbox 1244 1820 1986 1867; baseline -0.005 -10"><span class='ocrx_word' id='word_1_620' title='bbox 1244 1822 1443 1857; x_wconf 88' lang='lat' dir='ltr'><strong>ministerium</strong></span> <span class='ocrx_word' id='word_1_621' title='bbox 1455 1823 1506 1856; x_wconf 88' lang='lat' dir='ltr'><strong>rei.</strong></span> <span class='ocrx_word' id='word_1_622' title='bbox 1553 1827 1708 1867; x_wconf 52' lang='lat' dir='ltr'><strong>quiagium</strong></span> <span class='ocrx_word' id='word_1_623' title='bbox 1725 1821 1842 1867; x_wconf 85' lang='lat' dir='ltr'><strong>(inquit</strong></span> <span class='ocrx_word' id='word_1_624' title='bbox 1861 1820 1963 1854; x_wconf 85' lang='lat' dir='ltr'><strong>Festus</strong></span> <span class='ocrx_word' id='word_1_625' title='bbox 1974 1823 1986 1859; x_wconf 86' lang='lat'><em>)</em></span> 
     </span>
     <span class='ocr_line' id='line_1_99' title="bbox 1245 1869 1984 1918; baseline -0.004 -13"><span class='ocrx_word' id='word_1_626' title='bbox 1245 1875 1319 1918; x_wconf 83' lang='lat' dir='ltr'><strong>quast</strong></span> <span class='ocrx_word' id='word_1_627' title='bbox 1329 1886 1403 1918; x_wconf 63' lang='lat' dir='ltr'><em>aque</em></span> <span class='ocrx_word' id='word_1_628' title='bbox 1420 1877 1522 1917; x_wconf 80' lang='lat' dir='ltr'><strong>agium,</strong></span> <span class='ocrx_word' id='word_1_629' title='bbox 1545 1873 1576 1903; x_wconf 81' lang='lat' dir='ltr'><strong>id</strong></span> <span class='ocrx_word' id='word_1_630' title='bbox 1590 1873 1637 1913; x_wconf 80' lang='lat' dir='ltr'><strong>est,</strong></span> <span class='ocrx_word' id='word_1_631' title='bbox 1659 1883 1734 1916; x_wconf 79' lang='lat' dir='ltr'><em>aquae</em></span> <span class='ocrx_word' id='word_1_632' title='bbox 1751 1873 1848 1903; x_wconf 55' lang='lat' dir='ltr'><strong>dubius.</strong></span> <span class='ocrx_word' id='word_1_633' title='bbox 1897 1869 1945 1902; x_wconf 78' lang='lat' dir='ltr'><strong>Sic</strong></span> <span class='ocrx_word' id='word_1_634' title='bbox 1953 1881 1984 1902; x_wconf 85' lang='lat' dir='ltr'><strong>a-</strong></span> 
     </span>
     <span class='ocr_line' id='line_1_100' title="bbox 1246 1917 1986 1968; baseline -0.005 -14"><span class='ocrx_word' id='word_1_635' title='bbox 1246 1920 1309 1968; x_wconf 88' lang='lat' dir='ltr'><strong>pud</strong></span> <span class='ocrx_word' id='word_1_636' title='bbox 1322 1932 1386 1962; x_wconf 89' lang='lat' dir='ltr'><strong>nos,</strong></span> <span class='ocrx_word' id='word_1_637' title='bbox 1408 1925 1582 1965; x_wconf 65' lang='lat' dir='ltr'><strong>Hmagi1M‚</strong></span> <span class='ocrx_word' id='word_1_638' title='bbox 1605 1918 1649 1953; x_wconf 87' lang='lat' dir='ltr'><strong>est</strong></span> <span class='ocrx_word' id='word_1_639' title='bbox 1665 1918 1750 1953; x_wconf 67' lang='lat' dir='ltr'><strong>a&amp;us</strong></span> <span class='ocrx_word' id='word_1_640' title='bbox 1775 1918 1824 1952; x_wconf 86' lang='lat' dir='ltr'><strong>vel</strong></span> <span class='ocrx_word' id='word_1_641' title='bbox 1856 1917 1986 1952; x_wconf 87' lang='lat' dir='ltr'><strong>ministe-</strong></span> 
     </span>
     <span class='ocr_line' id='line_1_101' title="bbox 1246 1965 1991 2013; baseline -0.005 -10"><span class='ocrx_word' id='word_1_642' title='bbox 1246 1970 1326 2004; x_wconf 87' lang='lat' dir='ltr'><strong>rium</strong></span> <span class='ocrx_word' id='word_1_643' title='bbox 1334 1969 1469 2002; x_wconf 86' lang='lat' dir='ltr'><strong>hominis.</strong></span> <span class='ocrx_word' id='word_1_644' title='bbox 1516 1973 1673 2013; x_wconf 77' lang='lat' dir='ltr'><strong>Paragium,</strong></span> <span class='ocrx_word' id='word_1_645' title='bbox 1694 1965 1892 2001; x_wconf 84' lang='lat' dir='ltr'><strong>ministerium</strong></span> <span class='ocrx_word' id='word_1_646' title='bbox 1909 1965 1991 2012; x_wconf 86' lang='lat' dir='ltr'><strong>pari-</strong></span> 
     </span>
    </p>
   </div>
   <div class='ocr_carea' id='block_1_19' title="bbox 1231 2014 1989 2063">
    <p class='ocr_par' dir='ltr' id='par_1_22' title="bbox 1231 2014 1989 2063">
     <span class='ocr_line' id='line_1_102' title="bbox 1231 2014 1989 2063; baseline -0.005 -12"><span class='ocrx_word' id='word_1_647' title='bbox 1231 2030 1309 2055; x_wconf 70' lang='lat' dir='ltr'><strong>‚um.</strong></span> <span class='ocrx_word' id='word_1_648' title='bbox 1356 2023 1522 2063; x_wconf 69' lang='lat' dir='ltr'><strong>Terragfflm,</strong></span> <span class='ocrx_word' id='word_1_649' title='bbox 1544 2017 1691 2050; x_wconf 89' lang='lat' dir='ltr'><strong>tributum</strong></span> <span class='ocrx_word' id='word_1_650' title='bbox 1709 2014 1792 2062; x_wconf 88' lang='lat' dir='ltr'><strong>quod</strong></span> <span class='ocrx_word' id='word_1_651' title='bbox 1809 2025 1889 2049; x_wconf 86' lang='lat' dir='ltr'><strong>terra</strong></span> <span class='ocrx_word' id='word_1_652' title='bbox 1914 2015 1989 2060; x_wconf 86' lang='lat' dir='ltr'><strong>agit,</strong></span> 
     </span>
    </p>
   </div>
   <div class='ocr_carea' id='block_1_20' title="bbox 1243 2063 2001 2837">
    <p class='ocr_par' dir='ltr' id='par_1_23' title="bbox 1243 2063 1992 2402">
     <span class='ocr_line' id='line_1_103' title="bbox 1248 2063 1988 2112; baseline -0.005 -12"><span class='ocrx_word' id='word_1_653' title='bbox 1248 2066 1306 2100; x_wconf 91' lang='lat' dir='ltr'><strong>hoc</strong></span> <span class='ocrx_word' id='word_1_654' title='bbox 1324 2065 1377 2108; x_wconf 89' lang='lat' dir='ltr'><strong>est,</strong></span> <span class='ocrx_word' id='word_1_655' title='bbox 1400 2066 1529 2100; x_wconf 87' lang='lat' dir='ltr'><strong>exhibet.</strong></span> <span class='ocrx_word' id='word_1_656' title='bbox 1576 2066 1665 2098; x_wconf 88' lang='lat' dir='ltr'><strong>Num</strong></span> <span class='ocrx_word' id='word_1_657' title='bbox 1684 2065 1749 2112; x_wconf 87' lang='lat' dir='ltr'><strong>quis</strong></span> <span class='ocrx_word' id='word_1_658' title='bbox 1765 2063 1885 2106; x_wconf 81' lang='lat' dir='ltr'><strong>dixerit,</strong></span> <span class='ocrx_word' id='word_1_659' title='bbox 1903 2070 1988 2097; x_wconf 77' lang='lat' dir='ltr'><strong>Para-</strong></span> 
     </span>
     <span class='ocr_line' id='line_1_104' title="bbox 1243 2111 1988 2161; baseline -0.005 -13"><span class='ocrx_word' id='word_1_660' title='bbox 1243 2129 1334 2160; x_wconf 84' lang='lat' dir='ltr'><strong>gmm,</strong></span> <span class='ocrx_word' id='word_1_661' title='bbox 1356 2113 1438 2161; x_wconf 86' lang='lat' dir='ltr'><strong>quasi</strong></span> <span class='ocrx_word' id='word_1_662' title='bbox 1455 2115 1565 2160; x_wconf 83' lang='lat' dir='ltr'><strong>paritas</strong></span> <span class='ocrx_word' id='word_1_663' title='bbox 1580 2113 1663 2155; x_wconf 57' lang='lat' dir='ltr'><strong>aista,</strong></span> <span class='ocrx_word' id='word_1_664' title='bbox 1685 2113 1703 2146; x_wconf 91' lang='lat' dir='ltr'><strong>i.</strong></span> <span class='ocrx_word' id='word_1_665' title='bbox 1726 2111 1851 2146; x_wconf 55' lang='lat' dir='ltr'><strong>fimeta?</strong></span> <span class='ocrx_word' id='word_1_666' title='bbox 1888 2118 1988 2145; x_wconf 81' lang='lat' dir='ltr'><strong>Homa-</strong></span> 
     </span>
     <span class='ocr_line' id='line_1_105' title="bbox 1244 2159 1989 2209; baseline -0.005 -13"><span class='ocrx_word' id='word_1_667' title='bbox 1244 2169 1334 2209; x_wconf 84' lang='lat' dir='ltr'><strong>gium,</strong></span> <span class='ocrx_word' id='word_1_668' title='bbox 1356 2161 1438 2209; x_wconf 88' lang='lat' dir='ltr'><strong>quasi</strong></span> <span class='ocrx_word' id='word_1_669' title='bbox 1455 2162 1626 2196; x_wconf 88' lang='lat' dir='ltr'><strong>hominium</strong></span> <span class='ocrx_word' id='word_1_670' title='bbox 1644 2161 1783 2195; x_wconf 74' lang='lat' dir='ltr'><strong>sacrum?</strong></span> <span class='ocrx_word' id='word_1_671' title='bbox 1816 2170 1867 2195; x_wconf 90' lang='lat' dir='ltr'><strong>aut</strong></span> <span class='ocrx_word' id='word_1_672' title='bbox 1892 2159 1989 2205; x_wconf 77' lang='lat' dir='ltr'><strong>hujus-</strong></span> 
     </span>
     <span class='ocr_line' id='line_1_106' title="bbox 1251 2208 1988 2257; baseline -0.005 -12"><span class='ocrx_word' id='word_1_673' title='bbox 1251 2210 1354 2246; x_wconf 87' lang='lat' dir='ltr'><strong>modi?</strong></span> <span class='ocrx_word' id='word_1_674' title='bbox 1378 2212 1464 2245; x_wconf 89' lang='lat' dir='ltr'><strong>Novi</strong></span> <span class='ocrx_word' id='word_1_675' title='bbox 1480 2210 1618 2251; x_wconf 63' lang='lat' dir='ltr'><strong>mvaey&#39;oev</strong></span> <span class='ocrx_word' id='word_1_676' title='bbox 1643 2210 1705 2257; x_wconf 87' lang='lat' dir='ltr'><strong>legi</strong></span> <span class='ocrx_word' id='word_1_677' title='bbox 1721 2208 1802 2255; x_wconf 88' lang='lat' dir='ltr'><strong>apud</strong></span> <span class='ocrx_word' id='word_1_678' title='bbox 1821 2209 1988 2247; x_wconf 58' lang='lat' dir='ltr'><strong>(belinum,</strong></span> 
     </span>
     <span class='ocr_line' id='line_1_107' title="bbox 1251 2257 1991 2307; baseline -0.005 -13"><span class='ocrx_word' id='word_1_679' title='bbox 1251 2258 1333 2307; x_wconf 82' lang='lat' dir='ltr'><strong>quasi</strong></span> <span class='ocrx_word' id='word_1_680' title='bbox 1363 2272 1419 2307; x_wconf 90' lang='lat' dir='ltr'><strong>pro</strong></span> <span class='ocrx_word' id='word_1_681' title='bbox 1449 2272 1525 2306; x_wconf 91' lang='lat' dir='ltr'><strong>pane</strong></span> <span class='ocrx_word' id='word_1_682' title='bbox 1543 2259 1664 2300; x_wconf 67' lang='lat' dir='ltr'><strong>fiii&amp;0,</strong></span> <span class='ocrx_word' id='word_1_683' title='bbox 1686 2259 1735 2292; x_wconf 88' lang='lat' dir='ltr'><strong>seu</strong></span> <span class='ocrx_word' id='word_1_684' title='bbox 1752 2257 1928 2299; x_wconf 53' lang='lat' dir='ltr'><strong>Bene-dieto,</strong></span> <span class='ocrx_word' id='word_1_685' title='bbox 1956 2264 1991 2290; x_wconf 90' lang='lat' dir='ltr'><strong>ut</strong></span> 
     </span>
     <span class='ocr_line' id='line_1_108' title="bbox 1247 2305 1992 2353; baseline -0.004 -11"><span class='ocrx_word' id='word_1_686' title='bbox 1247 2308 1352 2353; x_wconf 87' lang='lat' dir='ltr'><strong>Junius</strong></span> <span class='ocrx_word' id='word_1_687' title='bbox 1363 2312 1395 2342; x_wconf 72' lang='grc' dir='ltr'><strong>ὅ(</strong></span> <span class='ocrx_word' id='word_1_688' title='bbox 1412 2306 1564 2342; x_wconf 86' lang='lat' dir='ltr'><strong>Meursius</strong></span> <span class='ocrx_word' id='word_1_689' title='bbox 1590 2307 1708 2349; x_wconf 87' lang='lat' dir='ltr'><strong>volunt,</strong></span> <span class='ocrx_word' id='word_1_690' title='bbox 1730 2307 1778 2341; x_wconf 75' lang='lat' dir='ltr'><strong>sed</strong></span> <span class='ocrx_word' id='word_1_691' title='bbox 1790 2306 1828 2340; x_wconf 91' lang='lat' dir='ltr'><strong>de</strong></span> <span class='ocrx_word' id='word_1_692' title='bbox 1846 2307 1904 2341; x_wconf 90' lang='lat' dir='ltr'><strong>hoc</strong></span> <span class='ocrx_word' id='word_1_693' title='bbox 1922 2305 1992 2340; x_wconf 92' lang='lat' dir='ltr'><strong>vide</strong></span> 
     </span>
     <span class='ocr_line' id='line_1_109' title="bbox 1254 2354 1539 2402; baseline -0.004 -12"><span class='ocrx_word' id='word_1_694' title='bbox 1254 2354 1330 2390; x_wconf 81' lang='lat' dir='ltr'><strong>infra</strong></span> <span class='ocrx_word' id='word_1_695' title='bbox 1354 2357 1384 2390; x_wconf 83' lang='lat' dir='ltr'><strong>in</strong></span> <span class='ocrx_word' id='word_1_696' title='bbox 1409 2362 1539 2402; x_wconf 78' lang='lat' dir='ltr'><strong>Panagia.</strong></span> 
     </span>
    </p>

    <p class='ocr_par' dir='ltr' id='par_1_24' title="bbox 1252 2405 2001 2837">
     <span class='ocr_line' id='line_1_110' title="bbox 1303 2405 1990 2450; baseline -0.003 -12"><span class='ocrx_word' id='word_1_697' title='bbox 1303 2405 1508 2450; x_wconf 85' lang='lat' dir='ltr'><strong>Reperiuntur</strong></span> <span class='ocrx_word' id='word_1_698' title='bbox 1516 2414 1629 2444; x_wconf 80' lang='lat' dir='ltr'><strong>autem,</strong></span> <span class='ocrx_word' id='word_1_699' title='bbox 1651 2407 1684 2437; x_wconf 61' lang='grc' dir='ltr'><strong>ὃς</strong></span> <span class='ocrx_word' id='word_1_700' title='bbox 1690 2409 1850 2448; x_wconf 81' lang='lat' dir='ltr'><strong>panagium,</strong></span> <span class='ocrx_word' id='word_1_701' title='bbox 1873 2406 1905 2436; x_wconf 86' lang='lat'>&amp;</span> <span class='ocrx_word' id='word_1_702' title='bbox 1922 2417 1990 2436; x_wconf 77' lang='lat' dir='ltr'><strong>com-</strong></span> 
     </span>
     <span class='ocr_line' id='line_1_111' title="bbox 1252 2450 1991 2499; baseline -0.003 -13"><span class='ocrx_word' id='word_1_703' title='bbox 1252 2459 1409 2499; x_wconf 74' lang='lat' dir='ltr'><strong>panagium,</strong></span> <span class='ocrx_word' id='word_1_704' title='bbox 1416 2451 1497 2498; x_wconf 86' lang='lat' dir='ltr'><strong>apud</strong></span> <span class='ocrx_word' id='word_1_705' title='bbox 1509 2464 1564 2485; x_wconf 86' lang='lat' dir='ltr'><strong>nos</strong></span> <span class='ocrx_word' id='word_1_706' title='bbox 1575 2451 1690 2497; x_wconf 81' lang='lat' dir='ltr'><strong>Anglos</strong></span> <span class='ocrx_word' id='word_1_707' title='bbox 1703 2454 1715 2491; x_wconf 94' lang='lat'><em>(</em></span> <span class='ocrx_word' id='word_1_708' title='bbox 1724 2452 1830 2497; x_wconf 89' lang='lat' dir='ltr'><strong>quibus</strong></span> <span class='ocrx_word' id='word_1_709' title='bbox 1839 2450 1911 2483; x_wconf 86' lang='lat' dir='ltr'><strong>nihil</strong></span> <span class='ocrx_word' id='word_1_710' title='bbox 1919 2463 1991 2484; x_wconf 83' lang='lat' dir='ltr'><strong>curn</strong></span> 
     </span>
     <span class='ocr_line' id='line_1_112' title="bbox 1256 2497 1993 2546; baseline -0.007 -11"><span class='ocrx_word' id='word_1_711' title='bbox 1256 2503 1368 2536; x_wconf 76' lang='lat' dir='ltr'><strong>Graeco</strong></span> <span class='ocrx_word' id='word_1_712' title='bbox 1386 2501 1533 2546; x_wconf 86' lang='lat' dir='ltr'><strong>imperio)</strong></span> <span class='ocrx_word' id='word_1_713' title='bbox 1551 2512 1605 2545; x_wconf 88' lang='lat' dir='ltr'><strong>per</strong></span> <span class='ocrx_word' id='word_1_714' title='bbox 1620 2498 1718 2533; x_wconf 82' lang='lat' dir='ltr'><strong>multa</strong></span> <span class='ocrx_word' id='word_1_715' title='bbox 1725 2498 1828 2540; x_wconf 81' lang='lat' dir='ltr'><strong>lustra,</strong></span> <span class='ocrx_word' id='word_1_716' title='bbox 1844 2507 1913 2531; x_wconf 85' lang='lat' dir='ltr'><strong>ante</strong></span> <span class='ocrx_word' id='word_1_717' title='bbox 1925 2497 1993 2531; x_wconf 85' lang='lat' dir='ltr'><strong>Bal-</strong></span> 
     </span>
     <span class='ocr_line' id='line_1_113' title="bbox 1257 2544 1992 2594; baseline -0.005 -11"><span class='ocrx_word' id='word_1_718' title='bbox 1257 2549 1342 2583; x_wconf 89' lang='lat' dir='ltr'><strong>duini</strong></span> <span class='ocrx_word' id='word_1_719' title='bbox 1360 2550 1385 2583; x_wconf 88' lang='lat' dir='ltr'>F</span> <span class='ocrx_word' id='word_1_720' title='bbox 1385 2548 1481 2583; x_wconf 85' lang='lat' dir='ltr'><strong>landri</strong></span> <span class='ocrx_word' id='word_1_721' title='bbox 1498 2548 1648 2590; x_wconf 75' lang='lat' dir='ltr'><strong>seculum,</strong></span> <span class='ocrx_word' id='word_1_722' title='bbox 1670 2559 1725 2581; x_wconf 87' lang='lat' dir='ltr'><strong>nec</strong></span> <span class='ocrx_word' id='word_1_723' title='bbox 1737 2546 1818 2581; x_wconf 87' lang='lat' dir='ltr'><strong>aliud</strong></span> <span class='ocrx_word' id='word_1_724' title='bbox 1836 2544 1928 2594; x_wconf 69' lang='lat' dir='ltr'><strong>quarn</strong></span> <span class='ocrx_word' id='word_1_725' title='bbox 1941 2546 1992 2579; x_wconf 86' lang='lat' dir='ltr'><strong>ali-</strong></span> 
     </span>
     <span class='ocr_line' id='line_1_114' title="bbox 1258 2595 1996 2644; baseline -0.007 -12"><span class='ocrx_word' id='word_1_726' title='bbox 1258 2608 1395 2632; x_wconf 81' lang='lat' dir='ltr'><strong>mentum</strong></span> <span class='ocrx_word' id='word_1_727' title='bbox 1406 2596 1595 2644; x_wconf 68' lang='lat' dir='ltr'><strong>⁴simpliciter,</strong></span> <span class='ocrx_word' id='word_1_728' title='bbox 1605 2596 1655 2630; x_wconf 89' lang='lat' dir='ltr'><strong>vel</strong></span> <span class='ocrx_word' id='word_1_729' title='bbox 1671 2595 1847 2629; x_wconf 87' lang='lat' dir='ltr'><strong>alimentum</strong></span> <span class='ocrx_word' id='word_1_730' title='bbox 1856 2607 1926 2628; x_wconf 83' lang='lat' dir='ltr'><strong>cum</strong></span> <span class='ocrx_word' id='word_1_731' title='bbox 1945 2607 1996 2639; x_wconf 86' lang='lat' dir='ltr'><strong>pa-</strong></span> 
     </span>
     <span class='ocr_line' id='line_1_115' title="bbox 1259 2643 1998 2691; baseline -0.005 -11"><span class='ocrx_word' id='word_1_732' title='bbox 1259 2659 1296 2680; x_wconf 89' lang='lat' dir='ltr'><strong>ne</strong></span> <span class='ocrx_word' id='word_1_733' title='bbox 1309 2645 1472 2688; x_wconf 89' lang='lat' dir='ltr'><strong>edendum,</strong></span> <span class='ocrx_word' id='word_1_734' title='bbox 1493 2644 1688 2691; x_wconf 83' lang='lat' dir='ltr'><strong>designantia,</strong></span> <span class='ocrx_word' id='word_1_735' title='bbox 1710 2657 1746 2678; x_wconf 87' lang='lat' dir='ltr'><strong>ac</strong></span> <span class='ocrx_word' id='word_1_736' title='bbox 1763 2643 1786 2678; x_wconf 88' lang='lat' dir='ltr'><strong>si</strong></span> <span class='ocrx_word' id='word_1_737' title='bbox 1796 2649 1946 2690; x_wconf 81' lang='lat' dir='ltr'><strong>panagium</strong></span> <span class='ocrx_word' id='word_1_738' title='bbox 1965 2646 1998 2676; x_wconf 85' lang='lat'>&amp;</span> 
     </span>
     <span class='ocr_line' id='line_1_116' title="bbox 1260 2690 2000 2741; baseline -0.005 -13"><span class='ocrx_word' id='word_1_739' title='bbox 1260 2701 1449 2741; x_wconf 80' lang='lat' dir='ltr'><strong>appanagium,</strong></span> <span class='ocrx_word' id='word_1_740' title='bbox 1471 2693 1552 2728; x_wconf 88' lang='lat' dir='ltr'><strong>aliud</strong></span> <span class='ocrx_word' id='word_1_741' title='bbox 1575 2706 1636 2728; x_wconf 88' lang='lat' dir='ltr'><strong>non</strong></span> <span class='ocrx_word' id='word_1_742' title='bbox 1650 2690 1753 2735; x_wconf 65' lang='lat' dir='ltr'><strong>essent,</strong></span> <span class='ocrx_word' id='word_1_743' title='bbox 1774 2692 1867 2740; x_wconf 71' lang='lat' dir='ltr'><strong>quam</strong></span> <span class='ocrx_word' id='word_1_744' title='bbox 1891 2691 2000 2738; x_wconf 84' lang='lat' dir='ltr'><strong>praedi-</strong></span> 
     </span>
     <span class='ocr_line' id='line_1_117' title="bbox 1260 2739 2001 2788; baseline -0.005 -11"><span class='ocrx_word' id='word_1_745' title='bbox 1260 2756 1315 2777; x_wconf 87' lang='lat' dir='ltr'><strong>um</strong></span> <span class='ocrx_word' id='word_1_746' title='bbox 1333 2743 1437 2777; x_wconf 88' lang='lat' dir='ltr'><strong>datum</strong></span> <span class='ocrx_word' id='word_1_747' title='bbox 1456 2742 1494 2776; x_wconf 90' lang='lat' dir='ltr'><strong>ad</strong></span> <span class='ocrx_word' id='word_1_748' title='bbox 1506 2748 1675 2788; x_wconf 83' lang='lat' dir='ltr'><strong>panagium,</strong></span> <span class='ocrx_word' id='word_1_749' title='bbox 1708 2742 1726 2775; x_wconf 89' lang='lat' dir='ltr'><strong>i.</strong></span> <span class='ocrx_word' id='word_1_750' title='bbox 1748 2741 1926 2775; x_wconf 86' lang='lat' dir='ltr'><strong>alimonium</strong></span> <span class='ocrx_word' id='word_1_751' title='bbox 1945 2739 2001 2774; x_wconf 89' lang='lat' dir='ltr'><strong>fili-</strong></span> 
     </span>
     <span class='ocr_line' id='line_1_118' title="bbox 1261 2789 2000 2837; baseline -0.007 -11"><span class='ocrx_word' id='word_1_752' title='bbox 1261 2804 1358 2826; x_wconf 88' lang='lat' dir='ltr'><strong>orum.</strong></span> <span class='ocrx_word' id='word_1_753' title='bbox 1383 2791 1474 2825; x_wconf 90' lang='lat' dir='ltr'><strong>Plura</strong></span> <span class='ocrx_word' id='word_1_754' title='bbox 1490 2791 1562 2824; x_wconf 90' lang='lat' dir='ltr'><strong>vide</strong></span> <span class='ocrx_word' id='word_1_755' title='bbox 1583 2792 1612 2824; x_wconf 92' lang='lat' dir='ltr'><strong>in</strong></span> <span class='ocrx_word' id='word_1_756' title='bbox 1631 2790 1698 2837; x_wconf 87' lang='lat' dir='ltr'><strong>ipsis</strong></span> <span class='ocrx_word' id='word_1_757' title='bbox 1715 2789 1874 2823; x_wconf 86' lang='lat' dir='ltr'><strong>vocabulis.</strong></span> <span class='ocrx_word' id='word_1_758' title='bbox 1922 2789 2000 2822; x_wconf 85' lang='lat' dir='ltr'><strong>Haec</strong></span> 
     </span>
    </p>
   </div>
   <div class='ocr_carea' id='block_1_21' title="bbox 1257 2836 2001 2933">
    <p class='ocr_par' dir='ltr' id='par_1_25' title="bbox 1257 2836 2001 2933">
     <span class='ocr_line' id='line_1_119' title="bbox 1262 2836 2001 2886; baseline -0.004 -14"><span class='ocrx_word' id='word_1_759' title='bbox 1262 2849 1365 2874; x_wconf 87' lang='lat' dir='ltr'><strong>autem</strong></span> <span class='ocrx_word' id='word_1_760' title='bbox 1377 2838 1399 2873; x_wconf 90' lang='lat' dir='ltr'>fi</span> <span class='ocrx_word' id='word_1_761' title='bbox 1412 2851 1475 2873; x_wconf 88' lang='lat' dir='ltr'><strong>vox</strong></span> <span class='ocrx_word' id='word_1_762' title='bbox 1496 2838 1625 2886; x_wconf 88' lang='lat' dir='ltr'><strong>legenda</strong></span> <span class='ocrx_word' id='word_1_763' title='bbox 1650 2838 1696 2881; x_wconf 85' lang='lat' dir='ltr'><strong>sit,</strong></span> <span class='ocrx_word' id='word_1_764' title='bbox 1711 2844 1871 2884; x_wconf 82' lang='lat' dir='ltr'><strong>panagium,</strong></span> <span class='ocrx_word' id='word_1_765' title='bbox 1894 2836 1945 2871; x_wconf 81' lang='lat' dir='ltr'><strong>vel</strong></span> <span class='ocrx_word' id='word_1_766' title='bbox 1954 2848 2001 2882; x_wconf 86' lang='lat' dir='ltr'><strong>ap-</strong></span> 
     </span>
     <span class='ocr_line' id='line_1_120' title="bbox 1257 2894 1414 2933; baseline 0.013 -13"><span class='ocrx_word' id='word_1_767' title='bbox 1257 2894 1414 2933; x_wconf 74' lang='lat' dir='ltr'><strong>panagium.</strong></span> 
     </span>
    </p>
   </div>
   <div class='ocr_carea' id='block_1_22' title="bbox 1311 2930 2208 2981">
    <p class='ocr_par' dir='ltr' id='par_1_26' title="bbox 1311 2930 2208 2981">
     <span class='ocr_line' id='line_1_121' title="bbox 1311 2930 2208 2981; baseline -0.009 -12"><span class='ocrx_word' id='word_1_768' title='bbox 1311 2937 1343 2969; x_wconf 87' lang='lat' dir='ltr'><strong>Si</strong></span> <span class='ocrx_word' id='word_1_769' title='bbox 1359 2936 1434 2969; x_wconf 72' lang='lat' dir='ltr'><strong>verb</strong></span> <span class='ocrx_word' id='word_1_770' title='bbox 1451 2933 1465 2979; x_wconf 89' lang='lat'><strong>(</strong></span> <span class='ocrx_word' id='word_1_771' title='bbox 1474 2933 1556 2981; x_wconf 90' lang='lat' dir='ltr'><strong>quod</strong></span> <span class='ocrx_word' id='word_1_772' title='bbox 1574 2935 1723 2981; x_wconf 85' lang='lat' dir='ltr'><strong>antiquius</strong></span> <span class='ocrx_word' id='word_1_773' title='bbox 1741 2937 1773 2968; x_wconf 72' lang='grc' dir='ltr'><strong>ὃ(</strong></span> <span class='ocrx_word' id='word_1_774' title='bbox 1784 2933 1939 2979; x_wconf 78' lang='lat' dir='ltr'><strong>vulgarius</strong></span> <span class='ocrx_word' id='word_1_775' title='bbox 1947 2930 2003 2975; x_wconf 88' lang='lat' dir='ltr'><strong>est)</strong></span> <span class='ocrx_word' id='word_1_776' title='bbox 2018 2931 2208 2975; x_wconf 79' lang='lat' dir='ltr'><strong>Appennagium.</strong></span> 
     </span>
    </p>
   </div>
   <div class='ocr_carea' id='block_1_23' title="bbox 1262 2981 2010 3411">
    <p class='ocr_par' dir='ltr' id='par_1_27' title="bbox 1262 2981 2010 3411">
     <span class='ocr_line' id='line_1_122' title="bbox 1264 2981 2004 3029; baseline -0.005 -11"><span class='ocrx_word' id='word_1_777' title='bbox 1264 2983 1450 3018; x_wconf 76' lang='lat' dir='ltr'><strong>scribendum</strong></span> <span class='ocrx_word' id='word_1_778' title='bbox 1469 2982 1504 3016; x_wconf 85' lang='lat' dir='ltr'><strong>sit</strong></span> <span class='ocrx_word' id='word_1_779' title='bbox 1523 2990 1728 3029; x_wconf 69' lang='lat' dir='ltr'><strong>appmnagium,</strong></span> <span class='ocrx_word' id='word_1_780' title='bbox 1750 2981 1832 3016; x_wconf 84' lang='lat' dir='ltr'><strong>haud</strong></span> <span class='ocrx_word' id='word_1_781' title='bbox 1849 2981 1938 3015; x_wconf 82' lang='lat' dir='ltr'><strong>video</strong></span> <span class='ocrx_word' id='word_1_782' title='bbox 1951 2993 2004 3014; x_wconf 87' lang='lat' dir='ltr'><strong>cur</strong></span> 
     </span>
     <span class='ocr_line' id='line_1_123' title="bbox 1266 3029 2004 3078; baseline -0.009 -12"><span class='ocrx_word' id='word_1_783' title='bbox 1266 3045 1327 3066; x_wconf 89' lang='lat' dir='ltr'><strong>non</strong></span> <span class='ocrx_word' id='word_1_784' title='bbox 1345 3032 1461 3066; x_wconf 86' lang='lat' dir='ltr'><strong>dicatur</strong></span> <span class='ocrx_word' id='word_1_785' title='bbox 1470 3032 1508 3065; x_wconf 88' lang='lat' dir='ltr'><strong>ab</strong></span> <span class='ocrx_word' id='word_1_786' title='bbox 1527 3035 1698 3077; x_wconf 79' lang='lat' dir='ltr'><strong>appemiend0‚</strong></span> <span class='ocrx_word' id='word_1_787' title='bbox 1719 3029 1803 3078; x_wconf 87' lang='lat' dir='ltr'><strong>quasi</strong></span> <span class='ocrx_word' id='word_1_788' title='bbox 1815 3031 2004 3074; x_wconf 70' lang='lat' dir='ltr'><strong>appmdagium</strong></span> 
     </span>
     <span class='ocr_line' id='line_1_124' title="bbox 1262 3077 2004 3126; baseline -0.009 -12"><span class='ocrx_word' id='word_1_789' title='bbox 1262 3078 1388 3126; x_wconf 86' lang='lat' dir='ltr'><strong>junioris</strong></span> <span class='ocrx_word' id='word_1_790' title='bbox 1404 3079 1478 3114; x_wconf 87' lang='lat' dir='ltr'><strong>filii:</strong></span> <span class='ocrx_word' id='word_1_791' title='bbox 1504 3082 1552 3113; x_wconf 82' lang='lat' dir='ltr'><strong>vel</strong></span> <span class='ocrx_word' id='word_1_792' title='bbox 1570 3083 1760 3125; x_wconf 81' lang='lat' dir='ltr'><strong>appendagium</strong></span> <span class='ocrx_word' id='word_1_793' title='bbox 1779 3088 1897 3109; x_wconf 88' lang='lat' dir='ltr'><strong>coronae</strong></span> <span class='ocrx_word' id='word_1_794' title='bbox 1912 3077 2004 3109; x_wconf 86' lang='lat' dir='ltr'><strong>Fran-</strong></span> 
     </span>
     <span class='ocr_line' id='line_1_125' title="bbox 1268 3123 2005 3175; baseline -0.008 -13"><span class='ocrx_word' id='word_1_795' title='bbox 1268 3128 1333 3171; x_wconf 87' lang='lat' dir='ltr'><strong>ciae,</strong></span> <span class='ocrx_word' id='word_1_796' title='bbox 1355 3139 1514 3175; x_wconf 87' lang='lat' dir='ltr'><strong>propterea</strong></span> <span class='ocrx_word' id='word_1_797' title='bbox 1531 3128 1614 3173; x_wconf 79' lang='lat' dir='ltr'><strong>quod</strong></span> <span class='ocrx_word' id='word_1_798' title='bbox 1627 3139 1673 3159; x_wconf 83' lang='lat' dir='ltr'><strong>res</strong></span> <span class='ocrx_word' id='word_1_799' title='bbox 1689 3125 1758 3169; x_wconf 82' lang='lat' dir='ltr'><strong>ipsae</strong></span> <span class='ocrx_word' id='word_1_800' title='bbox 1784 3124 1814 3156; x_wconf 86' lang='lat' dir='ltr'><strong>in</strong></span> <span class='ocrx_word' id='word_1_801' title='bbox 1832 3123 1912 3157; x_wconf 85' lang='lat' dir='ltr'><strong>hunc</strong></span> <span class='ocrx_word' id='word_1_802' title='bbox 1939 3136 2005 3157; x_wconf 87' lang='lat' dir='ltr'><strong>mo-</strong></span> 
     </span>
     <span class='ocr_line' id='line_1_126' title="bbox 1269 3171 2005 3220; baseline -0.007 -10"><span class='ocrx_word' id='word_1_803' title='bbox 1269 3176 1344 3210; x_wconf 86' lang='lat' dir='ltr'><strong>dum</strong></span> <span class='ocrx_word' id='word_1_804' title='bbox 1356 3176 1444 3218; x_wconf 82' lang='lat' dir='ltr'><strong>datae,</strong></span> <span class='ocrx_word' id='word_1_805' title='bbox 1471 3175 1600 3220; x_wconf 77' lang='lat' dir='ltr'><strong>ejufflem</strong></span> <span class='ocrx_word' id='word_1_806' title='bbox 1613 3174 1678 3207; x_wconf 79' lang='lat' dir='ltr'><strong>fimt</strong></span> <span class='ocrx_word' id='word_1_807' title='bbox 1694 3171 1882 3218; x_wconf 73' lang='lat' dir='ltr'><strong>appendices,</strong></span> <span class='ocrx_word' id='word_1_808' title='bbox 1892 3175 1924 3206; x_wconf 69' lang='grc' dir='ltr'><strong>ὃς</strong></span> <span class='ocrx_word' id='word_1_809' title='bbox 1934 3184 2005 3218; x_wconf 82' lang='lat' dir='ltr'><strong>qua-</strong></span> 
     </span>
     <span class='ocr_line' id='line_1_127' title="bbox 1270 3220 2008 3266; baseline -0.004 -11"><span class='ocrx_word' id='word_1_810' title='bbox 1270 3223 1310 3255; x_wconf 77' lang='lat' dir='ltr'><strong>les</strong></span> <span class='ocrx_word' id='word_1_811' title='bbox 1322 3224 1353 3257; x_wconf 85' lang='lat' dir='ltr'><strong>in</strong></span> <span class='ocrx_word' id='word_1_812' title='bbox 1367 3225 1440 3257; x_wconf 88' lang='lat' dir='ltr'><strong>Divi</strong></span> <span class='ocrx_word' id='word_1_813' title='bbox 1459 3221 1612 3257; x_wconf 84' lang='lat' dir='ltr'><strong>Edouardi</strong></span> <span class='ocrx_word' id='word_1_814' title='bbox 1639 3220 1765 3266; x_wconf 84' lang='lat' dir='ltr'><strong>legibus,</strong></span> <span class='ocrx_word' id='word_1_815' title='bbox 1786 3223 1940 3265; x_wconf 80' lang='lat' dir='ltr'><strong>appendicia</strong></span> <span class='ocrx_word' id='word_1_816' title='bbox 1968 3235 2008 3261; x_wconf 73' lang='grc' dir='ltr'><strong>ρο-</strong></span> 
     </span>
     <span class='ocr_line' id='line_1_128' title="bbox 1270 3268 2008 3315; baseline -0.001 -13"><span class='ocrx_word' id='word_1_817' title='bbox 1270 3284 1337 3303; x_wconf 79' lang='lat' dir='ltr'><strong>ronae</strong></span> <span class='ocrx_word' id='word_1_818' title='bbox 1363 3277 1449 3315; x_wconf 77' lang='lat' dir='ltr'><strong>Regni</strong></span> <span class='ocrx_word' id='word_1_819' title='bbox 1481 3275 1629 3304; x_wconf 64' lang='lat' dir='ltr'><strong>Britannice</strong></span> <span class='ocrx_word' id='word_1_820' title='bbox 1646 3278 1861 3313; x_wconf 85' lang='lat' dir='ltr'><strong>nuncupantur.</strong></span> <span class='ocrx_word' id='word_1_821' title='bbox 1909 3270 1935 3301; x_wconf 83' lang='lat' dir='ltr'><strong>F</strong></span> <span class='ocrx_word' id='word_1_822' title='bbox 1935 3268 2008 3302; x_wconf 71' lang='lat' dir='ltr'><strong>acile</strong></span> 
     </span>
     <span class='ocr_line' id='line_1_129' title="bbox 1272 3318 2010 3365; baseline -0.003 -13"><span class='ocrx_word' id='word_1_823' title='bbox 1272 3319 1362 3352; x_wconf 79' lang='lat' dir='ltr'><strong>etiarn</strong></span> <span class='ocrx_word' id='word_1_824' title='bbox 1380 3319 1511 3365; x_wconf 84' lang='lat' dir='ltr'><strong>liquescit</strong></span> <span class='ocrx_word' id='word_1_825' title='bbox 1531 3319 1720 3363; x_wconf 79' lang='lat' dir='ltr'><strong>appendagium</strong></span> <span class='ocrx_word' id='word_1_826' title='bbox 1746 3318 1777 3351; x_wconf 87' lang='lat' dir='ltr'><strong>in</strong></span> <span class='ocrx_word' id='word_1_827' title='bbox 1806 3322 2010 3362; x_wconf 54' lang='lat' dir='ltr'><strong>appenmgfflm</strong></span> 
     </span>
     <span class='ocr_line' id='line_1_130' title="bbox 1271 3367 2009 3411; baseline -0.001 -13"><span class='ocrx_word' id='word_1_828' title='bbox 1271 3376 1304 3399; x_wconf 86' lang='lat' dir='ltr'><strong>ut</strong></span> <span class='ocrx_word' id='word_1_829' title='bbox 1316 3367 1480 3411; x_wconf 72' lang='lat' dir='ltr'><strong>promiscue</strong></span> <span class='ocrx_word' id='word_1_830' title='bbox 1498 3367 1588 3401; x_wconf 81' lang='lat' dir='ltr'><strong>etiam</strong></span> <span class='ocrx_word' id='word_1_831' title='bbox 1618 3375 1763 3407; x_wconf 88' lang='lat' dir='ltr'><strong>utuntur,</strong></span> <span class='ocrx_word' id='word_1_832' title='bbox 1803 3368 1958 3410; x_wconf 70' lang='lat' dir='ltr'><strong>arpendium</strong></span> <span class='ocrx_word' id='word_1_833' title='bbox 1977 3367 2009 3397; x_wconf 87' lang='lat'>&amp;</span> 
     </span>
    </p>
   </div>
   <div class='ocr_carea' id='block_1_24' title="bbox 1270 3420 2010 3505">
    <p class='ocr_par' dir='ltr' id='par_1_28' title="bbox 1270 3420 2010 3505">
     <span class='ocr_line' id='line_1_131' title="bbox 1270 3420 2010 3505; baseline -0.001 -59"><span class='ocrx_word' id='word_1_834' title='bbox 1270 3420 1432 3459; x_wconf 67' lang='lat' dir='ltr'><strong>arpeim‘um.</strong></span> <span class='ocrx_word' id='word_1_835' title='bbox 1839 3461 1874 3502; x_wconf 53' lang='lat' dir='ltr'><strong>qr</strong></span> <span class='ocrx_word' id='word_1_836' title='bbox 1900 3458 2010 3505; x_wconf 70' lang='lat' dir='ltr'><em>Appo.</em></span> 
     </span>
    </p>
   </div>
  </div>
 </body>
</html>
