<?xml version="1.0" encoding="UTF-8"?>
<!DOCTYPE html PUBLIC "-//W3C//DTD XHTML 1.0 Transitional//EN"
    "http://www.w3.org/TR/xhtml1/DTD/xhtml1-transitional.dtd">
<html xmlns="http://www.w3.org/1999/xhtml" xml:lang="en" lang="en">
 <head>
  <title>
</title>
<meta http-equiv="Content-Type" content="text/html;charset=utf-8" />
  <meta name='ocr-system' content='tesseract 3.04.00' />
  <meta name='ocr-capabilities' content='ocr_page ocr_carea ocr_par ocr_line ocrx_word'/>
</head>
<body>
  <div class='ocr_page' id='page_1' title='image "./glossariumarchia00spel_0229.png"; bbox 0 0 2305 3809; ppageno 0'>
   <div class='ocr_carea' id='block_1_1' title="bbox 10 1201 13 1856">
    <p class='ocr_par' dir='ltr' id='par_1_1' title="bbox 10 1201 13 1856">
     <span class='ocr_line' id='line_1_1' title="bbox 10 1201 13 1856; baseline 0 0"><span class='ocrx_word' id='word_1_1' title='bbox 10 1201 13 1856; x_wconf 95' lang='lat' dir='ltr'><strong> </strong></span> 
     </span>
    </p>
   </div>
   <div class='ocr_carea' id='block_1_2' title="bbox 12 2040 17 2758">
    <p class='ocr_par' dir='ltr' id='par_1_2' title="bbox 12 2040 17 2758">
     <span class='ocr_line' id='line_1_2' title="bbox 12 2040 17 2758; baseline 0 0"><span class='ocrx_word' id='word_1_2' title='bbox 12 2040 17 2758; x_wconf 95' lang='lat' dir='ltr'><strong> </strong></span> 
     </span>
    </p>
   </div>
   <div class='ocr_carea' id='block_1_3' title="bbox 110 372 2088 392">
    <p class='ocr_par' dir='ltr' id='par_1_3' title="bbox 110 372 2088 392">
     <span class='ocr_line' id='line_1_3' title="bbox 110 372 2088 392; baseline 0 3417"><span class='ocrx_word' id='word_1_3' title='bbox 110 372 2088 392; x_wconf 95' lang='lat' dir='ltr'><strong> </strong></span> 
     </span>
    </p>
   </div>
   <div class='ocr_carea' id='block_1_4' title="bbox 99 966 315 1034">
    <p class='ocr_par' dir='ltr' id='par_1_4' title="bbox 99 966 315 1034">
     <span class='ocr_line' id='line_1_4' title="bbox 100 966 315 1003; baseline 0.009 -9"><span class='ocrx_word' id='word_1_4' title='bbox 100 969 235 996; x_wconf 74' lang='lat' dir='ltr'><strong>Commune</strong></span> <span class='ocrx_word' id='word_1_5' title='bbox 258 966 315 1003; x_wconf 78' lang='lat' dir='ltr'><strong>effo-</strong></span> 
     </span>
     <span class='ocr_line' id='line_1_5' title="bbox 99 1015 179 1034; baseline 0.025 -2"><span class='ocrx_word' id='word_1_6' title='bbox 99 1015 114 1032; x_wconf 65' lang='lat' dir='ltr'><strong>Ts&#39;</strong></span> <span class='ocrx_word' id='word_1_7' title='bbox 118 1015 179 1034; x_wconf 72' lang='lat' dir='ltr'><strong>lum.</strong></span> 
     </span>
    </p>
   </div>
   <div class='ocr_carea' id='block_1_5' title="bbox 625 284 891 370">
    <p class='ocr_par' dir='ltr' id='par_1_5' title="bbox 625 284 891 370">
     <span class='ocr_line' id='line_1_6' title="bbox 625 284 891 370; baseline 0.008 -26"><span class='ocrx_word' id='word_1_8' title='bbox 625 284 891 370; x_wconf 66' lang='lat' dir='ltr'><strong>oto</strong></span> 
     </span>
    </p>
   </div>
   <div class='ocr_carea' id='block_1_6' title="bbox 324 454 1080 3507">
    <p class='ocr_par' dir='ltr' id='par_1_6' title="bbox 332 454 1080 697">
     <span class='ocr_line' id='line_1_7' title="bbox 334 454 1080 499; baseline -0.004 -8"><span class='ocrx_word' id='word_1_9' title='bbox 334 458 383 491; x_wconf 87' lang='lat' dir='ltr'><strong>vel</strong></span> <span class='ocrx_word' id='word_1_10' title='bbox 402 457 433 491; x_wconf 81' lang='lat' dir='ltr'><strong>in</strong></span> <span class='ocrx_word' id='word_1_11' title='bbox 453 457 577 490; x_wconf 80' lang='lat' dir='ltr'><strong>realibus</strong></span> <span class='ocrx_word' id='word_1_12' title='bbox 588 455 772 494; x_wconf 63' lang='lat' dir='ltr'><strong>adtionibus,</strong></span> <span class='ocrx_word' id='word_1_13' title='bbox 791 454 869 499; x_wconf 78' lang='lat' dir='ltr'><strong>parti</strong></span> <span class='ocrx_word' id='word_1_14' title='bbox 886 466 956 495; x_wconf 76' lang='lat' dir='ltr'><strong>reae,</strong></span> <span class='ocrx_word' id='word_1_15' title='bbox 974 454 1025 488; x_wconf 86' lang='lat' dir='ltr'><strong>vel</strong></span> <span class='ocrx_word' id='word_1_16' title='bbox 1049 455 1080 488; x_wconf 89' lang='lat' dir='ltr'><strong>in</strong></span> 
     </span>
     <span class='ocr_line' id='line_1_8' title="bbox 332 500 1079 545; baseline -0.004 -5"><span class='ocrx_word' id='word_1_17' title='bbox 332 506 436 540; x_wconf 87' lang='lat' dir='ltr'><strong>Curiis</strong></span> <span class='ocrx_word' id='word_1_18' title='bbox 454 507 620 544; x_wconf 86' lang='lat' dir='ltr'><strong>Baronum,</strong></span> <span class='ocrx_word' id='word_1_19' title='bbox 637 501 849 543; x_wconf 58' lang='lat' dir='ltr'><strong>scestatoribus,</strong></span> <span class='ocrx_word' id='word_1_20' title='bbox 869 500 1020 545; x_wconf 81' lang='lat' dir='ltr'><strong>(absentiae</strong></span> <span class='ocrx_word' id='word_1_21' title='bbox 1034 516 1079 537; x_wconf 87' lang='lat' dir='ltr'><strong>ra-</strong></span> 
     </span>
     <span class='ocr_line' id='line_1_9' title="bbox 333 548 1080 593; baseline -0.007 -5"><span class='ocrx_word' id='word_1_22' title='bbox 333 554 450 588; x_wconf 89' lang='lat' dir='ltr'><strong>tionem</strong></span> <span class='ocrx_word' id='word_1_23' title='bbox 470 548 698 593; x_wconf 78' lang='lat' dir='ltr'><strong>exhibentibus)</strong></span> <span class='ocrx_word' id='word_1_24' title='bbox 717 549 896 584; x_wconf 80' lang='lat' dir='ltr'>admittitur.</span> <span class='ocrx_word' id='word_1_25' title='bbox 915 551 956 583; x_wconf 86' lang='lat' dir='ltr'><strong>Et</strong></span> <span class='ocrx_word' id='word_1_26' title='bbox 972 554 1080 593; x_wconf 79' lang='lat' dir='ltr'><strong>effimio-</strong></span> 
     </span>
     <span class='ocr_line' id='line_1_10' title="bbox 333 597 1076 649; baseline -0.004 -13"><span class='ocrx_word' id='word_1_27' title='bbox 333 617 399 636; x_wconf 84' lang='lat' dir='ltr'><strong>rum</strong></span> <span class='ocrx_word' id='word_1_28' title='bbox 418 600 540 649; x_wconf 89' lang='lat' dir='ltr'><strong>quidem</strong></span> <span class='ocrx_word' id='word_1_29' title='bbox 552 599 647 633; x_wconf 87' lang='lat' dir='ltr'><strong>multa</strong></span> <span class='ocrx_word' id='word_1_30' title='bbox 659 599 724 633; x_wconf 77' lang='lat' dir='ltr'><strong>sunt</strong></span> <span class='ocrx_word' id='word_1_31' title='bbox 734 611 858 644; x_wconf 81' lang='lat' dir='ltr'><strong>genera,</strong></span> <span class='ocrx_word' id='word_1_32' title='bbox 868 598 916 632; x_wconf 68' lang='lat' dir='ltr'><strong>fied</strong></span> <span class='ocrx_word' id='word_1_33' title='bbox 924 597 989 644; x_wconf 87' lang='lat' dir='ltr'><strong>jam</strong></span> <span class='ocrx_word' id='word_1_34' title='bbox 1002 599 1076 633; x_wconf 83' lang='lat' dir='ltr'><strong>olim</strong></span> 
     </span>
     <span class='ocr_line' id='line_1_11' title="bbox 332 647 812 697; baseline -0.008 -13"><span class='ocrx_word' id='word_1_35' title='bbox 332 651 471 697; x_wconf 84' lang='lat' dir='ltr'><strong>quinque</strong></span> <span class='ocrx_word' id='word_1_36' title='bbox 490 648 632 694; x_wconf 72' lang='lat' dir='ltr'><strong>capitibus</strong></span> <span class='ocrx_word' id='word_1_37' title='bbox 646 647 812 681; x_wconf 83' lang='lat' dir='ltr'><strong>distributa.</strong></span> 
     </span>
    </p>

    <p class='ocr_par' dir='ltr' id='par_1_7' title="bbox 330 693 1076 1368">
     <span class='ocr_line' id='line_1_12' title="bbox 390 693 1076 743; baseline -0.006 -12"><span class='ocrx_word' id='word_1_38' title='bbox 390 699 529 732; x_wconf 88' lang='lat' dir='ltr'><strong>Primum</strong></span> <span class='ocrx_word' id='word_1_39' title='bbox 546 696 629 743; x_wconf 89' lang='lat' dir='ltr'><strong>quod</strong></span> <span class='ocrx_word' id='word_1_40' title='bbox 642 695 749 729; x_wconf 86' lang='lat' dir='ltr'><strong>dicitur</strong></span> <span class='ocrx_word' id='word_1_41' title='bbox 766 698 875 728; x_wconf 79' lang='lat' dir='ltr'><strong>Malum</strong></span> <span class='ocrx_word' id='word_1_42' title='bbox 883 699 945 734; x_wconf 78' lang='lat' dir='ltr'><strong>viae,</strong></span> <span class='ocrx_word' id='word_1_43' title='bbox 967 693 1016 726; x_wconf 75' lang='lat' dir='ltr'><strong>stu</strong></span> <span class='ocrx_word' id='word_1_44' title='bbox 1044 697 1076 727; x_wconf 80' lang='lat' dir='ltr'><strong>de</strong></span> 
     </span>
     <span class='ocr_line' id='line_1_13' title="bbox 332 741 1076 790; baseline -0.009 -10"><span class='ocrx_word' id='word_1_45' title='bbox 332 749 404 780; x_wconf 75' lang='lat' dir='ltr'><strong>malo</strong></span> <span class='ocrx_word' id='word_1_46' title='bbox 422 749 548 780; x_wconf 76' lang='lat' dir='ltr'><strong>veniendi</strong></span> <span class='ocrx_word' id='word_1_47' title='bbox 561 760 568 779; x_wconf 70' lang='grc' dir='ltr'><strong><em>ι</em></strong></span> <span class='ocrx_word' id='word_1_48' title='bbox 593 757 662 778; x_wconf 90' lang='lat' dir='ltr'><strong>cum</strong></span> <span class='ocrx_word' id='word_1_49' title='bbox 677 744 781 777; x_wconf 84' lang='lat' dir='ltr'><strong>venire</strong></span> <span class='ocrx_word' id='word_1_50' title='bbox 797 744 864 790; x_wconf 88' lang='lat' dir='ltr'><strong>quis</strong></span> <span class='ocrx_word' id='word_1_51' title='bbox 881 741 930 774; x_wconf 88' lang='lat' dir='ltr'><strong>vel</strong></span> <span class='ocrx_word' id='word_1_52' title='bbox 947 754 1009 774; x_wconf 89' lang='lat' dir='ltr'><strong>non</strong></span> <span class='ocrx_word' id='word_1_53' title='bbox 1023 754 1076 787; x_wconf 90' lang='lat' dir='ltr'><strong>po-</strong></span> 
     </span>
     <span class='ocr_line' id='line_1_14' title="bbox 333 788 1075 840; baseline -0.007 -12"><span class='ocrx_word' id='word_1_54' title='bbox 333 794 405 828; x_wconf 85' lang='lat' dir='ltr'><strong>terit</strong></span> <span class='ocrx_word' id='word_1_55' title='bbox 424 804 546 840; x_wconf 87' lang='lat' dir='ltr'><strong>propter</strong></span> <span class='ocrx_word' id='word_1_56' title='bbox 560 792 833 838; x_wconf 82' lang='lat' dir='ltr'><strong>impoflibilitatem,</strong></span> <span class='ocrx_word' id='word_1_57' title='bbox 851 788 901 822; x_wconf 91' lang='lat' dir='ltr'><strong>vel</strong></span> <span class='ocrx_word' id='word_1_58' title='bbox 914 801 975 822; x_wconf 88' lang='lat' dir='ltr'><strong>non</strong></span> <span class='ocrx_word' id='word_1_59' title='bbox 984 789 1075 823; x_wconf 89' lang='lat' dir='ltr'><strong>aude—</strong></span> 
     </span>
     <span class='ocr_line' id='line_1_15' title="bbox 332 838 1075 889; baseline -0.008 -13"><span class='ocrx_word' id='word_1_60' title='bbox 332 853 364 876; x_wconf 88' lang='lat' dir='ltr'><strong>at</strong></span> <span class='ocrx_word' id='word_1_61' title='bbox 396 853 519 889; x_wconf 85' lang='lat' dir='ltr'><strong>propter</strong></span> <span class='ocrx_word' id='word_1_62' title='bbox 547 841 711 889; x_wconf 84' lang='lat' dir='ltr'><strong>periculum</strong></span> <span class='ocrx_word' id='word_1_63' title='bbox 729 852 738 881; x_wconf 81' lang='lat'>3</span> <span class='ocrx_word' id='word_1_64' title='bbox 776 838 825 872; x_wconf 89' lang='lat' dir='ltr'><strong>vel</strong></span> <span class='ocrx_word' id='word_1_65' title='bbox 842 850 904 871; x_wconf 92' lang='lat' dir='ltr'><strong>non</strong></span> <span class='ocrx_word' id='word_1_66' title='bbox 921 846 983 870; x_wconf 84' lang='lat' dir='ltr'><strong>tam</strong></span> <span class='ocrx_word' id='word_1_67' title='bbox 1002 838 1075 878; x_wconf 79' lang='lat' dir='ltr'><strong>cito,</strong></span> 
     </span>
     <span class='ocr_line' id='line_1_16' title="bbox 333 886 1074 938; baseline -0.011 -12"><span class='ocrx_word' id='word_1_68' title='bbox 333 901 456 938; x_wconf 86' lang='lat' dir='ltr'><strong>propter</strong></span> <span class='ocrx_word' id='word_1_69' title='bbox 479 889 727 936; x_wconf 82' lang='lat' dir='ltr'>longinquitatem</span> <span class='ocrx_word' id='word_1_70' title='bbox 751 886 869 919; x_wconf 82' lang='lat' dir='ltr'><strong>itineris.</strong></span> <span class='ocrx_word' id='word_1_71' title='bbox 924 886 997 919; x_wconf 90' lang='lat' dir='ltr'><strong>Hoc</strong></span> <span class='ocrx_word' id='word_1_72' title='bbox 1005 900 1074 919; x_wconf 87' lang='lat' dir='ltr'><strong>com-</strong></span> 
     </span>
     <span class='ocr_line' id='line_1_17' title="bbox 333 933 1074 982; baseline -0.007 -10"><span class='ocrx_word' id='word_1_73' title='bbox 333 954 412 973; x_wconf 79' lang='lat' dir='ltr'><strong>mune</strong></span> <span class='ocrx_word' id='word_1_74' title='bbox 438 941 560 982; x_wconf 67' lang='lat' dir='ltr'><strong>affinium</strong></span> <span class='ocrx_word' id='word_1_75' title='bbox 589 934 767 980; x_wconf 85' lang='lat' dir='ltr'><strong>appellatur,</strong></span> <span class='ocrx_word' id='word_1_76' title='bbox 790 933 909 980; x_wconf 85' lang='lat' dir='ltr'><strong>ejusque</strong></span> <span class='ocrx_word' id='word_1_77' title='bbox 935 934 1074 968; x_wconf 86' lang='lat' dir='ltr'>meminit</span> 
     </span>
     <span class='ocr_line' id='line_1_18' title="bbox 335 981 1074 1029; baseline -0.008 -6"><span class='ocrx_word' id='word_1_78' title='bbox 335 989 519 1023; x_wconf 84' lang='lat' dir='ltr'><strong>Hincmarus</strong></span> <span class='ocrx_word' id='word_1_79' title='bbox 540 982 787 1029; x_wconf 86' lang='lat' dir='ltr'><strong>Archiepiscopus</strong></span> <span class='ocrx_word' id='word_1_80' title='bbox 804 983 835 1015; x_wconf 91' lang='lat' dir='ltr'><strong>in</strong></span> <span class='ocrx_word' id='word_1_81' title='bbox 852 981 944 1028; x_wconf 86' lang='lat' dir='ltr'><strong>Epist.</strong></span> <span class='ocrx_word' id='word_1_82' title='bbox 962 982 1001 1016; x_wconf 89' lang='lat' dir='ltr'><strong>ad</strong></span> <span class='ocrx_word' id='word_1_83' title='bbox 1013 984 1074 1017; x_wconf 88' lang='lat' dir='ltr'><strong>Ca-</strong></span> 
     </span>
     <span class='ocr_line' id='line_1_19' title="bbox 335 1030 1075 1079; baseline -0.008 -8"><span class='ocrx_word' id='word_1_84' title='bbox 335 1036 434 1070; x_wconf 87' lang='lat' dir='ltr'><strong>rolum</strong></span> <span class='ocrx_word' id='word_1_85' title='bbox 451 1035 582 1079; x_wconf 87' lang='lat' dir='ltr'><strong>Regem,</strong></span> <span class='ocrx_word' id='word_1_86' title='bbox 606 1032 659 1077; x_wconf 89' lang='lat' dir='ltr'><strong>qui</strong></span> <span class='ocrx_word' id='word_1_87' title='bbox 677 1030 780 1077; x_wconf 85' lang='lat' dir='ltr'><strong>postea</strong></span> <span class='ocrx_word' id='word_1_88' title='bbox 799 1032 937 1077; x_wconf 83' lang='lat' dir='ltr'><strong>Magnus</strong></span> <span class='ocrx_word' id='word_1_89' title='bbox 961 1043 1075 1077; x_wconf 88' lang='lat' dir='ltr'><strong>cogno-</strong></span> 
     </span>
     <span class='ocr_line' id='line_1_20' title="bbox 335 1081 1072 1124; baseline -0.004 -9"><span class='ocrx_word' id='word_1_90' title='bbox 335 1085 475 1122; x_wconf 70' lang='lat' dir='ltr'><strong>minatur,</strong></span> <span class='ocrx_word' id='word_1_91' title='bbox 493 1093 535 1114; x_wconf 78' lang='lat' dir='ltr'><strong>ca.</strong></span> <span class='ocrx_word' id='word_1_92' title='bbox 598 1081 665 1124; x_wconf 54' lang='lat' dir='ltr'><strong>Qui</strong></span> <span class='ocrx_word' id='word_1_93' title='bbox 679 1084 788 1113; x_wconf 82' lang='lat' dir='ltr'><strong>mittens</strong></span> <span class='ocrx_word' id='word_1_94' title='bbox 802 1082 839 1113; x_wconf 83' lang='lat' dir='ltr'><strong>ad</strong></span> <span class='ocrx_word' id='word_1_95' title='bbox 857 1085 1072 1113; x_wconf 80' lang='lat' dir='ltr'><strong>Dominationem</strong></span> 
     </span>
     <span class='ocr_line' id='line_1_21' title="bbox 333 1129 1072 1173; baseline -0.001 -10"><span class='ocrx_word' id='word_1_96' title='bbox 333 1133 448 1173; x_wconf 66' lang='lat' dir='ltr'><strong>vestram</strong></span> <span class='ocrx_word' id='word_1_97' title='bbox 471 1130 666 1170; x_wconf 71' lang='lat' dir='ltr'><strong>excufim&#39;onem</strong></span> <span class='ocrx_word' id='word_1_98' title='bbox 697 1129 916 1173; x_wconf 73' lang='lat' dir='ltr'><strong>impoffibilitatis</strong></span> <span class='ocrx_word' id='word_1_99' title='bbox 933 1130 988 1169; x_wconf 76' lang='lat' dir='ltr'><strong>fieae</strong></span> <span class='ocrx_word' id='word_1_100' title='bbox 1018 1133 1072 1164; x_wconf 74' lang='lat' dir='ltr'><strong>illu</strong></span> 
     </span>
     <span class='ocr_line' id='line_1_22' title="bbox 332 1180 1071 1223; baseline -0.001 -12"><span class='ocrx_word' id='word_1_101' title='bbox 332 1181 466 1219; x_wconf 78' lang='lat' dir='ltr'><strong>veniendi,</strong></span> <span class='ocrx_word' id='word_1_102' title='bbox 506 1181 631 1223; x_wconf 75' lang='lat' dir='ltr'><strong>requsfita</strong></span> <span class='ocrx_word' id='word_1_103' title='bbox 649 1180 686 1219; x_wconf 77' lang='lat' dir='ltr'><strong>est</strong></span> <span class='ocrx_word' id='word_1_104' title='bbox 713 1191 794 1222; x_wconf 72' lang='lat' dir='ltr'><strong>quam</strong></span> <span class='ocrx_word' id='word_1_105' title='bbox 816 1183 962 1223; x_wconf 82' lang='lat' dir='ltr'><strong>patriotica</strong></span> <span class='ocrx_word' id='word_1_106' title='bbox 977 1181 1071 1222; x_wconf 83' lang='lat' dir='ltr'><strong>lingua</strong></span> 
     </span>
     <span class='ocr_line' id='line_1_23' title="bbox 330 1227 1071 1270; baseline -0.003 -11"><span class='ocrx_word' id='word_1_107' title='bbox 330 1232 499 1260; x_wconf 79' lang='lat' dir='ltr'><em>nominamus</em></span> <span class='ocrx_word' id='word_1_108' title='bbox 529 1227 646 1261; x_wconf 84' lang='lat' dir='ltr'><strong>Exonia</strong></span> <span class='ocrx_word' id='word_1_109' title='bbox 659 1251 670 1267; x_wconf 88' lang='lat'><strong>,</strong></span> <span class='ocrx_word' id='word_1_110' title='bbox 701 1231 767 1270; x_wconf 82' lang='lat' dir='ltr'><strong>quia</strong></span> <span class='ocrx_word' id='word_1_111' title='bbox 797 1232 889 1259; x_wconf 87' lang='lat' dir='ltr'><strong>venire</strong></span> <span class='ocrx_word' id='word_1_112' title='bbox 906 1231 1071 1270; x_wconf 80' lang='lat' dir='ltr'><strong>nequiverit,</strong></span> 
     </span>
     <span class='ocr_line' id='line_1_24' title="bbox 330 1273 1072 1321; baseline -0.003 -13"><span class='ocrx_word' id='word_1_113' title='bbox 330 1278 401 1321; x_wconf 74' lang='lat' dir='ltr'><strong>quod</strong></span> <span class='ocrx_word' id='word_1_114' title='bbox 416 1277 540 1309; x_wconf 64' lang='lat' dir='ltr'><strong>haflenus</strong></span> <span class='ocrx_word' id='word_1_115' title='bbox 570 1278 606 1318; x_wconf 84' lang='lat' dir='ltr'><strong>est</strong></span> <span class='ocrx_word' id='word_1_116' title='bbox 623 1277 789 1308; x_wconf 80' lang='lat' dir='ltr'><strong>mandatum.</strong></span> <span class='ocrx_word' id='word_1_117' title='bbox 832 1275 868 1307; x_wconf 91' lang='lat' dir='ltr'><strong>In</strong></span> <span class='ocrx_word' id='word_1_118' title='bbox 891 1273 949 1307; x_wconf 86' lang='lat' dir='ltr'><strong>hoc</strong></span> <span class='ocrx_word' id='word_1_119' title='bbox 967 1279 1072 1314; x_wconf 85' lang='lat' dir='ltr'><strong>exonio,</strong></span> 
     </span>
     <span class='ocr_line' id='line_1_25' title="bbox 332 1320 956 1368; baseline -0.003 -11"><span class='ocrx_word' id='word_1_120' title='bbox 332 1324 472 1357; x_wconf 89' lang='lat' dir='ltr'><strong>veniendi</strong></span> <span class='ocrx_word' id='word_1_121' title='bbox 484 1333 601 1368; x_wconf 89' lang='lat' dir='ltr'><strong>tempus</strong></span> <span class='ocrx_word' id='word_1_122' title='bbox 614 1323 757 1356; x_wconf 89' lang='lat' dir='ltr'><strong>idoneum</strong></span> <span class='ocrx_word' id='word_1_123' title='bbox 774 1320 956 1356; x_wconf 84' lang='lat' dir='ltr'><strong>conceditur.</strong></span> 
     </span>
    </p>

    <p class='ocr_par' dir='ltr' id='par_1_8' title="bbox 331 1369 1072 1611">
     <span class='ocr_line' id='line_1_26' title="bbox 383 1369 1072 1418; baseline -0.003 -13"><span class='ocrx_word' id='word_1_124' title='bbox 383 1385 414 1406; x_wconf 85' lang='lat'><strong>2.</strong></span> <span class='ocrx_word' id='word_1_125' title='bbox 438 1375 545 1404; x_wconf 78' lang='lat' dir='ltr'><strong>Malmn</strong></span> <span class='ocrx_word' id='word_1_126' title='bbox 559 1373 622 1404; x_wconf 65' lang='lat' dir='ltr'><strong>letti</strong></span> <span class='ocrx_word' id='word_1_127' title='bbox 633 1396 643 1412; x_wconf 98' lang='lat'><strong>,</strong></span> <span class='ocrx_word' id='word_1_128' title='bbox 660 1370 756 1418; x_wconf 74' lang='lat' dir='ltr'><strong>quum</strong></span> <span class='ocrx_word' id='word_1_129' title='bbox 768 1370 877 1404; x_wconf 89' lang='lat' dir='ltr'><strong>morbo</strong></span> <span class='ocrx_word' id='word_1_130' title='bbox 887 1369 1072 1404; x_wconf 86' lang='lat' dir='ltr'><strong>detineatur:</strong></span> 
     </span>
     <span class='ocr_line' id='line_1_27' title="bbox 331 1417 1072 1466; baseline -0.001 -13"><span class='ocrx_word' id='word_1_131' title='bbox 331 1419 413 1466; x_wconf 82' lang='lat' dir='ltr'><strong>quod</strong></span> <span class='ocrx_word' id='word_1_132' title='bbox 422 1419 502 1465; x_wconf 83' lang='lat' dir='ltr'><strong>apud</strong></span> <span class='ocrx_word' id='word_1_133' title='bbox 521 1417 713 1453; x_wconf 89' lang='lat' dir='ltr'><strong>Glanvillam</strong></span> <span class='ocrx_word' id='word_1_134' title='bbox 737 1418 790 1452; x_wconf 89' lang='lat' dir='ltr'><strong>sub</strong></span> <span class='ocrx_word' id='word_1_135' title='bbox 802 1419 962 1453; x_wconf 68' lang='lat' dir='ltr'><strong>restantiiae</strong></span> <span class='ocrx_word' id='word_1_136' title='bbox 980 1419 1072 1461; x_wconf 75' lang='lat' dir='ltr'><strong>cffimo</strong></span> 
     </span>
     <span class='ocr_line' id='line_1_28' title="bbox 334 1467 1072 1514; baseline -0.001 -12"><span class='ocrx_word' id='word_1_137' title='bbox 334 1469 505 1514; x_wconf 83' lang='lat' dir='ltr'><strong>reponitur:</strong></span> <span class='ocrx_word' id='word_1_138' title='bbox 525 1471 557 1502; x_wconf 88' lang='lat'>&amp;</span> <span class='ocrx_word' id='word_1_139' title='bbox 577 1467 646 1502; x_wconf 90' lang='lat' dir='ltr'><strong>huic</strong></span> <span class='ocrx_word' id='word_1_140' title='bbox 661 1480 716 1514; x_wconf 91' lang='lat' dir='ltr'><strong>pro</strong></span> <span class='ocrx_word' id='word_1_141' title='bbox 727 1467 871 1513; x_wconf 85' lang='lat' dir='ltr'><strong>qualitate</strong></span> <span class='ocrx_word' id='word_1_142' title='bbox 889 1467 987 1501; x_wconf 88' lang='lat' dir='ltr'><strong>morbi</strong></span> <span class='ocrx_word' id='word_1_143' title='bbox 1005 1467 1072 1514; x_wconf 81' lang='lat' dir='ltr'><strong>(pu-</strong></span> 
     </span>
     <span class='ocr_line' id='line_1_29' title="bbox 332 1515 1071 1561; baseline 0.001 -12"><span class='ocrx_word' id='word_1_144' title='bbox 332 1515 364 1550; x_wconf 54' lang='lat' dir='ltr'><strong>&#39;tii</strong></span> <span class='ocrx_word' id='word_1_145' title='bbox 382 1516 527 1561; x_wconf 85' lang='lat' dir='ltr'><strong>languidi)</strong></span> <span class='ocrx_word' id='word_1_146' title='bbox 550 1529 644 1551; x_wconf 88' lang='lat' dir='ltr'><strong>annus</strong></span> <span class='ocrx_word' id='word_1_147' title='bbox 664 1516 815 1551; x_wconf 84' lang='lat' dir='ltr'><strong>interdum</strong></span> <span class='ocrx_word' id='word_1_148' title='bbox 840 1519 872 1550; x_wconf 89' lang='lat'>&amp;</span> <span class='ocrx_word' id='word_1_149' title='bbox 894 1515 956 1551; x_wconf 88' lang='lat' dir='ltr'><strong>dies</strong></span> <span class='ocrx_word' id='word_1_150' title='bbox 975 1516 1071 1550; x_wconf 86' lang='lat' dir='ltr'><strong>datur.</strong></span> 
     </span>
     <span class='ocr_line' id='line_1_30' title="bbox 332 1564 665 1611; baseline 0.006 -13"><span class='ocrx_word' id='word_1_151' title='bbox 332 1564 484 1599; x_wconf 80' lang='lat' dir='ltr'><strong>Glan.lib.</strong></span> <span class='ocrx_word' id='word_1_152' title='bbox 505 1579 531 1600; x_wconf 92' lang='lat'><strong>1.</strong></span> <span class='ocrx_word' id='word_1_153' title='bbox 549 1578 591 1600; x_wconf 86' lang='lat' dir='ltr'><strong>ca.</strong></span> <span class='ocrx_word' id='word_1_154' title='bbox 610 1579 665 1611; x_wconf 82' lang='lat'><strong>19.</strong></span> 
     </span>
    </p>

    <p class='ocr_par' dir='ltr' id='par_1_9' title="bbox 332 1613 1071 1851">
     <span class='ocr_line' id='line_1_31' title="bbox 386 1613 1071 1659; baseline 0 -13"><span class='ocrx_word' id='word_1_155' title='bbox 386 1626 414 1659; x_wconf 80' lang='lat'><strong>3.</strong></span> <span class='ocrx_word' id='word_1_156' title='bbox 436 1619 521 1646; x_wconf 72' lang='lat' dir='ltr'><strong>Trans</strong></span> <span class='ocrx_word' id='word_1_157' title='bbox 541 1625 615 1647; x_wconf 74' lang='lat' dir='ltr'><strong>marc</strong></span> <span class='ocrx_word' id='word_1_158' title='bbox 628 1630 637 1646; x_wconf 80' lang='grc'><strong>.-</strong></span> <span class='ocrx_word' id='word_1_159' title='bbox 672 1626 743 1647; x_wconf 89' lang='lat' dir='ltr'><strong>cum</strong></span> <span class='ocrx_word' id='word_1_160' title='bbox 773 1614 804 1646; x_wconf 89' lang='lat' dir='ltr'><strong>in</strong></span> <span class='ocrx_word' id='word_1_161' title='bbox 831 1613 964 1659; x_wconf 81' lang='lat' dir='ltr'><strong>partibus</strong></span> <span class='ocrx_word' id='word_1_162' title='bbox 983 1614 1071 1646; x_wconf 66' lang='lat' dir='ltr'><strong>transl</strong></span> 
     </span>
     <span class='ocr_line' id='line_1_32' title="bbox 332 1661 1071 1707; baseline 0 -13"><span class='ocrx_word' id='word_1_163' title='bbox 332 1662 453 1695; x_wconf 79' lang='lat' dir='ltr'><strong>marinis</strong></span> <span class='ocrx_word' id='word_1_164' title='bbox 463 1662 586 1705; x_wconf 74' lang='lat' dir='ltr'><strong>haereat,</strong></span> <span class='ocrx_word' id='word_1_165' title='bbox 595 1675 656 1696; x_wconf 90' lang='lat' dir='ltr'><strong>non</strong></span> <span class='ocrx_word' id='word_1_166' title='bbox 665 1662 761 1695; x_wconf 68' lang='lat' dir='ltr'><strong>splum</strong></span> <span class='ocrx_word' id='word_1_167' title='bbox 772 1661 859 1695; x_wconf 87' lang='lat' dir='ltr'><strong>AEoli</strong></span> <span class='ocrx_word' id='word_1_168' title='bbox 876 1665 907 1694; x_wconf 90' lang='lat'>&amp;</span> <span class='ocrx_word' id='word_1_169' title='bbox 920 1662 1071 1707; x_wconf 86' lang='lat' dir='ltr'><strong>Neptuni,</strong></span> 
     </span>
     <span class='ocr_line' id='line_1_33' title="bbox 333 1708 1071 1756; baseline 0 -13"><span class='ocrx_word' id='word_1_170' title='bbox 333 1709 380 1743; x_wconf 79' lang='lat' dir='ltr'><strong>sed</strong></span> <span class='ocrx_word' id='word_1_171' title='bbox 411 1711 556 1756; x_wconf 87' lang='lat' dir='ltr'><strong>Principis</strong></span> <span class='ocrx_word' id='word_1_172' title='bbox 573 1711 692 1745; x_wconf 81' lang='lat' dir='ltr'><strong>alterius</strong></span> <span class='ocrx_word' id='word_1_173' title='bbox 709 1709 855 1756; x_wconf 87' lang='lat' dir='ltr'><strong>potestate</strong></span> <span class='ocrx_word' id='word_1_174' title='bbox 890 1708 1071 1744; x_wconf 85' lang='lat' dir='ltr'><strong>constitutus.</strong></span> 
     </span>
     <span class='ocr_line' id='line_1_34' title="bbox 334 1759 1071 1803; baseline -0.001 -12"><span class='ocrx_word' id='word_1_175' title='bbox 334 1759 478 1791; x_wconf 70' lang='lat' dir='ltr'><strong>Dabuntur</strong></span> <span class='ocrx_word' id='word_1_176' title='bbox 495 1765 524 1791; x_wconf 89' lang='lat' dir='ltr'><strong>in</strong></span> <span class='ocrx_word' id='word_1_177' title='bbox 538 1763 590 1792; x_wconf 81' lang='lat' dir='ltr'><strong>tali</strong></span> <span class='ocrx_word' id='word_1_178' title='bbox 602 1761 659 1799; x_wconf 74' lang='lat' dir='ltr'><strong>cafiae</strong></span> <span class='ocrx_word' id='word_1_179' title='bbox 670 1763 720 1803; x_wconf 78' lang='lat' dir='ltr'><strong>ipfi</strong></span> <span class='ocrx_word' id='word_1_180' title='bbox 727 1761 849 1800; x_wconf 62' lang='lat' dir='ltr'><strong>affinium</strong></span> <span class='ocrx_word' id='word_1_181' title='bbox 861 1760 899 1790; x_wconf 88' lang='lat' dir='ltr'><strong>ad</strong></span> <span class='ocrx_word' id='word_1_182' title='bbox 908 1764 999 1790; x_wconf 88' lang='lat' dir='ltr'><strong>minus</strong></span> <span class='ocrx_word' id='word_1_183' title='bbox 1010 1768 1071 1802; x_wconf 81' lang='lat'><strong>40.</strong></span> 
     </span>
     <span class='ocr_line' id='line_1_35' title="bbox 332 1806 723 1851; baseline 0.003 -12"><span class='ocrx_word' id='word_1_184' title='bbox 332 1806 495 1840; x_wconf 84' lang='lat' dir='ltr'><strong>dies.Glan.</strong></span> <span class='ocrx_word' id='word_1_185' title='bbox 514 1807 582 1840; x_wconf 86' lang='lat' dir='ltr'><strong>ibid.</strong></span> <span class='ocrx_word' id='word_1_186' title='bbox 599 1820 641 1840; x_wconf 82' lang='lat' dir='ltr'><strong>ca.</strong></span> <span class='ocrx_word' id='word_1_187' title='bbox 661 1818 723 1851; x_wconf 82' lang='lat'><strong>25.</strong></span> 
     </span>
    </p>

    <p class='ocr_par' dir='ltr' id='par_1_10' title="bbox 330 1852 1071 2094">
     <span class='ocr_line' id='line_1_36' title="bbox 382 1852 1071 1901; baseline 0.001 -14"><span class='ocrx_word' id='word_1_188' title='bbox 382 1865 416 1899; x_wconf 86' lang='lat'><strong>4.</strong></span> <span class='ocrx_word' id='word_1_189' title='bbox 439 1860 589 1889; x_wconf 79' lang='lat' dir='ltr'><strong>Servitium</strong></span> <span class='ocrx_word' id='word_1_190' title='bbox 609 1861 711 1901; x_wconf 73' lang='lat' dir='ltr'><strong>Regis:</strong></span> <span class='ocrx_word' id='word_1_191' title='bbox 747 1855 794 1888; x_wconf 86' lang='lat' dir='ltr'><strong>cui</strong></span> <span class='ocrx_word' id='word_1_192' title='bbox 823 1852 951 1888; x_wconf 81' lang='lat' dir='ltr'><strong>forenses</strong></span> <span class='ocrx_word' id='word_1_193' title='bbox 968 1867 1071 1888; x_wconf 85' lang='lat' dir='ltr'><strong>omnes</strong></span> 
     </span>
     <span class='ocr_line' id='line_1_37' title="bbox 330 1902 1071 1948; baseline -0.001 -12"><span class='ocrx_word' id='word_1_194' title='bbox 330 1902 511 1937; x_wconf 85' lang='lat' dir='ltr'><strong>neceffitates</strong></span> <span class='ocrx_word' id='word_1_195' title='bbox 528 1904 657 1937; x_wconf 85' lang='lat' dir='ltr'><strong>cedunt:</strong></span> <span class='ocrx_word' id='word_1_196' title='bbox 682 1904 877 1948; x_wconf 68' lang='lat' dir='ltr'><strong>remanebitque</strong></span> <span class='ocrx_word' id='word_1_197' title='bbox 891 1907 990 1948; x_wconf 75' lang='lat' dir='ltr'><strong>loquela</strong></span> <span class='ocrx_word' id='word_1_198' title='bbox 1016 1906 1028 1944; x_wconf 89' lang='lat'><em>(</em></span> <span class='ocrx_word' id='word_1_199' title='bbox 1041 1902 1071 1936; x_wconf 87' lang='lat' dir='ltr'><strong>id</strong></span> 
     </span>
     <span class='ocr_line' id='line_1_38' title="bbox 331 1950 1070 1997; baseline 0.001 -13"><span class='ocrx_word' id='word_1_200' title='bbox 331 1951 387 1997; x_wconf 83' lang='lat' dir='ltr'><strong>est,</strong></span> <span class='ocrx_word' id='word_1_201' title='bbox 399 1951 473 1996; x_wconf 80' lang='lat' dir='ltr'><strong>juris</strong></span> <span class='ocrx_word' id='word_1_202' title='bbox 491 1950 593 1995; x_wconf 54' lang='lat' dir='ltr'><strong>adiio)</strong></span> <span class='ocrx_word' id='word_1_203' title='bbox 607 1956 668 1993; x_wconf 78' lang='lat' dir='ltr'><strong>fine</strong></span> <span class='ocrx_word' id='word_1_204' title='bbox 686 1955 739 1992; x_wconf 78' lang='lat' dir='ltr'><strong>dte,</strong></span> <span class='ocrx_word' id='word_1_205' title='bbox 755 1955 832 1985; x_wconf 80' lang='lat' dir='ltr'><strong>donec</strong></span> <span class='ocrx_word' id='word_1_206' title='bbox 845 1955 991 1994; x_wconf 64' lang='lat' dir='ltr'><strong>constiterit</strong></span> <span class='ocrx_word' id='word_1_207' title='bbox 1010 1966 1070 1985; x_wconf 83' lang='lat' dir='ltr'><strong>eum</strong></span> 
     </span>
     <span class='ocr_line' id='line_1_39' title="bbox 331 1999 1070 2045; baseline 0.003 -13"><span class='ocrx_word' id='word_1_208' title='bbox 331 2001 425 2033; x_wconf 79' lang='lat' dir='ltr'><strong>abillo</strong></span> <span class='ocrx_word' id='word_1_209' title='bbox 439 2003 555 2041; x_wconf 78' lang='lat' dir='ltr'><strong>servitio</strong></span> <span class='ocrx_word' id='word_1_210' title='bbox 585 2007 699 2033; x_wconf 80' lang='lat' dir='ltr'><strong>Domini</strong></span> <span class='ocrx_word' id='word_1_211' title='bbox 716 2006 796 2045; x_wconf 75' lang='lat' dir='ltr'><strong>Regis</strong></span> <span class='ocrx_word' id='word_1_212' title='bbox 819 2002 928 2041; x_wconf 66' lang='lat' dir='ltr'><strong>redtff.</strong></span> <span class='ocrx_word' id='word_1_213' title='bbox 954 1999 1070 2034; x_wconf 81' lang='lat' dir='ltr'><strong>Ibidem</strong></span> 
     </span>
     <span class='ocr_line' id='line_1_40' title="bbox 331 2060 731 2094; baseline 0.003 -13"><span class='ocrx_word' id='word_1_214' title='bbox 331 2060 396 2094; x_wconf 88' lang='lat' dir='ltr'><strong>cap.</strong></span> <span class='ocrx_word' id='word_1_215' title='bbox 417 2061 473 2093; x_wconf 87' lang='lat'><strong>27.</strong></span> <span class='ocrx_word' id='word_1_216' title='bbox 727 2090 731 2092; x_wconf 18' lang='grc' dir='ltr'><strong>Α</strong></span> 
     </span>
    </p>

    <p class='ocr_par' dir='ltr' id='par_1_11' title="bbox 324 2095 1072 2579">
     <span class='ocr_line' id='line_1_41' title="bbox 384 2095 1071 2142; baseline 0 -12"><span class='ocrx_word' id='word_1_217' title='bbox 384 2109 414 2142; x_wconf 82' lang='lat'><strong>5.</strong></span> <span class='ocrx_word' id='word_1_218' title='bbox 438 2103 523 2131; x_wconf 64' lang='lat' dir='ltr'><strong>Terra:</strong></span> <span class='ocrx_word' id='word_1_219' title='bbox 536 2102 647 2132; x_wconf 66' lang='lat' dir='ltr'><strong>SanHae.</strong></span> <span class='ocrx_word' id='word_1_220' title='bbox 660 2099 710 2131; x_wconf 87' lang='lat' dir='ltr'><strong>De</strong></span> <span class='ocrx_word' id='word_1_221' title='bbox 727 2097 785 2130; x_wconf 80' lang='lat' dir='ltr'><strong>hoc</strong></span> <span class='ocrx_word' id='word_1_222' title='bbox 804 2095 842 2130; x_wconf 87' lang='lat' dir='ltr'><strong>sic</strong></span> <span class='ocrx_word' id='word_1_223' title='bbox 860 2096 1013 2131; x_wconf 82' lang='lat' dir='ltr'><strong>Glanvilla</strong></span> <span class='ocrx_word' id='word_1_224' title='bbox 1027 2096 1071 2130; x_wconf 91' lang='lat' dir='ltr'><strong>di-</strong></span> 
     </span>
     <span class='ocr_line' id='line_1_42' title="bbox 332 2145 1070 2192; baseline -0.003 -13"><span class='ocrx_word' id='word_1_225' title='bbox 332 2145 386 2179; x_wconf 71' lang='grc' dir='ltr'><strong>ἃο</strong></span> <span class='ocrx_word' id='word_1_226' title='bbox 403 2145 452 2180; x_wconf 90' lang='lat' dir='ltr'><strong>lib.</strong></span> <span class='ocrx_word' id='word_1_227' title='bbox 466 2159 509 2179; x_wconf 88' lang='lat' dir='ltr'><strong>ca.</strong></span> <span class='ocrx_word' id='word_1_228' title='bbox 525 2159 581 2192; x_wconf 86' lang='lat'><strong>29.</strong></span> <span class='ocrx_word' id='word_1_229' title='bbox 624 2149 850 2191; x_wconf 80' lang='lat' dir='ltr'><strong>Distinguendum</strong></span> <span class='ocrx_word' id='word_1_230' title='bbox 868 2149 915 2189; x_wconf 73' lang='lat' dir='ltr'><strong>est,</strong></span> <span class='ocrx_word' id='word_1_231' title='bbox 933 2160 968 2179; x_wconf 86' lang='lat' dir='ltr'><strong>an</strong></span> <span class='ocrx_word' id='word_1_232' title='bbox 985 2151 1070 2179; x_wconf 76' lang='lat' dir='ltr'><strong>iverit</strong></span> 
     </span>
     <span class='ocr_line' id='line_1_43' title="bbox 332 2196 1071 2235; baseline 0.001 -8"><span class='ocrx_word' id='word_1_233' title='bbox 332 2196 371 2227; x_wconf 85' lang='lat' dir='ltr'><strong>ad</strong></span> <span class='ocrx_word' id='word_1_234' title='bbox 389 2196 551 2234; x_wconf 69' lang='lat' dir='ltr'><strong>Hierusalem</strong></span> <span class='ocrx_word' id='word_1_235' title='bbox 568 2209 604 2228; x_wconf 88' lang='lat' dir='ltr'><strong>an</strong></span> <span class='ocrx_word' id='word_1_236' title='bbox 633 2199 719 2228; x_wconf 78' lang='lat' dir='ltr'><strong>alium</strong></span> <span class='ocrx_word' id='word_1_237' title='bbox 741 2197 831 2227; x_wconf 84' lang='lat' dir='ltr'><strong>locum.</strong></span> <span class='ocrx_word' id='word_1_238' title='bbox 855 2199 884 2227; x_wconf 78' lang='lat' dir='ltr'><strong>Si</strong></span> <span class='ocrx_word' id='word_1_239' title='bbox 903 2197 990 2235; x_wconf 61' lang='lat' dir='ltr'><strong>veifiis</strong></span> <span class='ocrx_word' id='word_1_240' title='bbox 1004 2200 1071 2228; x_wconf 83' lang='lat' dir='ltr'><strong>Hie-</strong></span> 
     </span>
     <span class='ocr_line' id='line_1_44' title="bbox 333 2243 1070 2289; baseline 0 -14"><span class='ocrx_word' id='word_1_241' title='bbox 333 2244 446 2283; x_wconf 68' lang='lat' dir='ltr'><strong>ruffilem</strong></span> <span class='ocrx_word' id='word_1_242' title='bbox 470 2248 553 2276; x_wconf 78' lang='lat' dir='ltr'><strong>iverit</strong></span> <span class='ocrx_word' id='word_1_243' title='bbox 571 2251 597 2278; x_wconf 83' lang='lat' dir='ltr'><strong>is</strong></span> <span class='ocrx_word' id='word_1_244' title='bbox 617 2250 665 2289; x_wconf 80' lang='lat' dir='ltr'><strong>qui</strong></span> <span class='ocrx_word' id='word_1_245' title='bbox 686 2243 853 2283; x_wconf 72' lang='lat' dir='ltr'><strong>se’essoniare</strong></span> <span class='ocrx_word' id='word_1_246' title='bbox 869 2246 966 2282; x_wconf 81' lang='lat' dir='ltr'><strong>facit:</strong></span> <span class='ocrx_word' id='word_1_247' title='bbox 1007 2255 1070 2276; x_wconf 76' lang='lat' dir='ltr'><strong>tunc</strong></span> 
     </span>
     <span class='ocr_line' id='line_1_45' title="bbox 324 2290 1071 2338; baseline 0.001 -15"><span class='ocrx_word' id='word_1_248' title='bbox 324 2292 393 2331; x_wconf 70' lang='lat' dir='ltr'><strong>solet</strong></span> <span class='ocrx_word' id='word_1_249' title='bbox 409 2297 435 2325; x_wconf 88' lang='lat' dir='ltr'><strong>ei</strong></span> <span class='ocrx_word' id='word_1_250' title='bbox 455 2293 517 2326; x_wconf 83' lang='lat' dir='ltr'><strong>dari</strong></span> <span class='ocrx_word' id='word_1_251' title='bbox 537 2294 661 2338; x_wconf 59' lang='lat' dir='ltr'><strong>aspi-&amp;us</strong></span> <span class='ocrx_word' id='word_1_252' title='bbox 673 2296 750 2324; x_wconf 87' lang='lat' dir='ltr'><strong>unius</strong></span> <span class='ocrx_word' id='word_1_253' title='bbox 767 2298 845 2332; x_wconf 83' lang='lat' dir='ltr'><strong>anni,</strong></span> <span class='ocrx_word' id='word_1_254' title='bbox 867 2290 902 2325; x_wconf 84' lang='lat'><em>&amp;</em></span> <span class='ocrx_word' id='word_1_255' title='bbox 919 2297 997 2324; x_wconf 85' lang='lat' dir='ltr'><strong>unius</strong></span> <span class='ocrx_word' id='word_1_256' title='bbox 1015 2294 1071 2324; x_wconf 81' lang='lat' dir='ltr'><strong>diei</strong></span> 
     </span>
     <span class='ocr_line' id='line_1_46' title="bbox 334 2341 1072 2386; baseline 0 -14"><span class='ocrx_word' id='word_1_257' title='bbox 334 2341 372 2372; x_wconf 83' lang='lat' dir='ltr'><strong>ad</strong></span> <span class='ocrx_word' id='word_1_258' title='bbox 382 2345 479 2373; x_wconf 84' lang='lat' dir='ltr'><strong>minus.</strong></span> <span class='ocrx_word' id='word_1_259' title='bbox 527 2347 570 2373; x_wconf 78' lang='lat' dir='ltr'><strong>De</strong></span> <span class='ocrx_word' id='word_1_260' title='bbox 594 2345 657 2374; x_wconf 83' lang='lat' dir='ltr'><strong>aliis</strong></span> <span class='ocrx_word' id='word_1_261' title='bbox 671 2341 732 2373; x_wconf 74' lang='lat' dir='ltr'><strong>verb</strong></span> <span class='ocrx_word' id='word_1_262' title='bbox 744 2341 1012 2386; x_wconf 76' lang='lat' dir='ltr'><strong>peregrinationibus,</strong></span> <span class='ocrx_word' id='word_1_263' title='bbox 1027 2342 1072 2381; x_wconf 74' lang='lat' dir='ltr'><strong>sb-</strong></span> 
     </span>
     <span class='ocr_line' id='line_1_47' title="bbox 330 2390 1071 2435; baseline 0.001 -14"><span class='ocrx_word' id='word_1_264' title='bbox 330 2392 368 2421; x_wconf 79' lang='lat' dir='ltr'><strong>let</strong></span> <span class='ocrx_word' id='word_1_265' title='bbox 386 2390 446 2421; x_wconf 87' lang='lat' dir='ltr'><strong>dari</strong></span> <span class='ocrx_word' id='word_1_266' title='bbox 472 2390 597 2434; x_wconf 57' lang='lat' dir='ltr'><strong>rcssfpeflus</strong></span> <span class='ocrx_word' id='word_1_267' title='bbox 616 2402 665 2435; x_wconf 86' lang='lat' dir='ltr'><strong>pro</strong></span> <span class='ocrx_word' id='word_1_268' title='bbox 694 2391 829 2422; x_wconf 76' lang='lat' dir='ltr'><strong>voluntate</strong></span> <span class='ocrx_word' id='word_1_269' title='bbox 853 2394 966 2422; x_wconf 78' lang='lat' dir='ltr'><strong>Domini</strong></span> <span class='ocrx_word' id='word_1_270' title='bbox 991 2394 1071 2434; x_wconf 74' lang='lat' dir='ltr'><strong>Regis</strong></span> 
     </span>
     <span class='ocr_line' id='line_1_48' title="bbox 332 2435 1072 2483; baseline 0.001 -13"><span class='ocrx_word' id='word_1_271' title='bbox 332 2435 368 2470; x_wconf 77' lang='lat'><em>&amp;</em></span> <span class='ocrx_word' id='word_1_272' title='bbox 382 2438 446 2469; x_wconf 83' lang='lat' dir='ltr'><strong>bene</strong></span> <span class='ocrx_word' id='word_1_273' title='bbox 457 2440 568 2482; x_wconf 73' lang='lat' dir='ltr'><strong>placito,</strong></span> <span class='ocrx_word' id='word_1_274' title='bbox 590 2442 635 2471; x_wconf 81' lang='lat' dir='ltr'><strong>vel</strong></span> <span class='ocrx_word' id='word_1_275' title='bbox 658 2444 714 2481; x_wconf 79' lang='lat' dir='ltr'><strong>ejus</strong></span> <span class='ocrx_word' id='word_1_276' title='bbox 732 2440 865 2480; x_wconf 79' lang='lat' dir='ltr'><strong>Justiciae,</strong></span> <span class='ocrx_word' id='word_1_277' title='bbox 882 2448 931 2482; x_wconf 84' lang='lat' dir='ltr'><strong>pro</strong></span> <span class='ocrx_word' id='word_1_278' title='bbox 956 2441 1072 2483; x_wconf 82' lang='lat' dir='ltr'><strong>longitu-</strong></span> 
     </span>
     <span class='ocr_line' id='line_1_49' title="bbox 332 2486 1070 2531; baseline 0.004 -14"><span class='ocrx_word' id='word_1_279' title='bbox 332 2488 405 2525; x_wconf 82' lang='lat' dir='ltr'><strong>dine,</strong></span> <span class='ocrx_word' id='word_1_280' title='bbox 422 2489 467 2517; x_wconf 81' lang='lat' dir='ltr'><strong>vel</strong></span> <span class='ocrx_word' id='word_1_281' title='bbox 482 2486 614 2520; x_wconf 74' lang='lat' dir='ltr'><strong>brevitate</strong></span> <span class='ocrx_word' id='word_1_282' title='bbox 637 2491 755 2526; x_wconf 80' lang='lat' dir='ltr'><strong>itineris,</strong></span> <span class='ocrx_word' id='word_1_283' title='bbox 778 2498 858 2531; x_wconf 84' lang='lat' dir='ltr'><strong>prout</strong></span> <span class='ocrx_word' id='word_1_284' title='bbox 874 2489 994 2521; x_wconf 73' lang='lat' dir='ltr'><strong>viderint</strong></span> <span class='ocrx_word' id='word_1_285' title='bbox 1002 2498 1070 2520; x_wconf 83' lang='lat' dir='ltr'><strong>tem-</strong></span> 
     </span>
     <span class='ocr_line' id='line_1_50' title="bbox 328 2536 486 2579; baseline -0.006 -12"><span class='ocrx_word' id='word_1_286' title='bbox 328 2536 486 2579; x_wconf 84' lang='lat' dir='ltr'><strong>perandum.</strong></span> 
     </span>
    </p>

    <p class='ocr_par' dir='ltr' id='par_1_12' title="bbox 334 2583 1070 2824">
     <span class='ocr_line' id='line_1_51' title="bbox 348 2583 1070 2631; baseline 0.004 -16"><span class='ocrx_word' id='word_1_287' title='bbox 348 2621 351 2623; x_wconf 64' lang='lat'>‚</span> <span class='ocrx_word' id='word_1_288' title='bbox 384 2584 519 2625; x_wconf 82' lang='lat' dir='ltr'><strong>Effonz&#39;um</strong></span> <span class='ocrx_word' id='word_1_289' title='bbox 538 2595 593 2628; x_wconf 89' lang='lat' dir='ltr'><strong>pro</strong></span> <span class='ocrx_word' id='word_1_290' title='bbox 611 2586 716 2631; x_wconf 80' lang='lat' dir='ltr'><strong>quavis</strong></span> <span class='ocrx_word' id='word_1_291' title='bbox 737 2583 932 2619; x_wconf 62' lang='lat' dir='ltr'><strong>excusatione.</strong></span> <span class='ocrx_word' id='word_1_292' title='bbox 970 2584 1070 2622; x_wconf 72' lang='lat' dir='ltr'>Affisae</span> 
     </span>
     <span class='ocr_line' id='line_1_52' title="bbox 334 2630 1070 2683; baseline 0.01 -19"><span class='ocrx_word' id='word_1_293' title='bbox 334 2630 374 2665; x_wconf 87' lang='lat' dir='ltr'><strong>de</strong></span> <span class='ocrx_word' id='word_1_294' title='bbox 382 2630 568 2666; x_wconf 86' lang='lat' dir='ltr'><strong>Clarendum</strong></span> <span class='ocrx_word' id='word_1_295' title='bbox 581 2643 672 2678; x_wconf 86' lang='lat' dir='ltr'><strong>temp.</strong></span> <span class='ocrx_word' id='word_1_296' title='bbox 691 2635 787 2668; x_wconf 73' lang='lat' dir='ltr'><strong>Hem.</strong></span> <span class='ocrx_word' id='word_1_297' title='bbox 804 2634 841 2668; x_wconf 93' lang='grc' dir='ltr'><strong>ΙΙ.</strong></span> <span class='ocrx_word' id='word_1_298' title='bbox 858 2634 1002 2668; x_wconf 90' lang='lat' dir='ltr'><strong>Hovend.</strong></span> <span class='ocrx_word' id='word_1_299' title='bbox 1024 2649 1070 2683; x_wconf 85' lang='lat' dir='ltr'><strong>pa.</strong></span> 
     </span>
     <span class='ocr_line' id='line_1_53' title="bbox 338 2683 1070 2728; baseline 0.01 -16"><span class='ocrx_word' id='word_1_300' title='bbox 338 2690 422 2727; x_wconf 82' lang='lat'><strong>549.</strong></span> <span class='ocrx_word' id='word_1_301' title='bbox 463 2683 541 2713; x_wconf 81' lang='lat' dir='ltr'><strong>Nulli</strong></span> <span class='ocrx_word' id='word_1_302' title='bbox 566 2685 648 2714; x_wconf 82' lang='lat' dir='ltr'><strong>liceat</strong></span> <span class='ocrx_word' id='word_1_303' title='bbox 743 2683 869 2727; x_wconf 70' lang='lat' dir='ltr'><strong>hospitari</strong></span> <span class='ocrx_word' id='word_1_304' title='bbox 886 2686 1003 2728; x_wconf 70' lang='lat' dir='ltr'><strong>aliquem</strong></span> <span class='ocrx_word' id='word_1_305' title='bbox 1021 2700 1070 2719; x_wconf 91' lang='lat' dir='ltr'><strong>ex-</strong></span> 
     </span>
     <span class='ocr_line' id='line_1_54' title="bbox 335 2731 1070 2773; baseline 0.005 -11"><span class='ocrx_word' id='word_1_306' title='bbox 335 2741 461 2762; x_wconf 82' lang='lat' dir='ltr'><strong>traneum</strong></span> <span class='ocrx_word' id='word_1_307' title='bbox 491 2732 566 2762; x_wconf 83' lang='lat' dir='ltr'><strong>ultra</strong></span> <span class='ocrx_word' id='word_1_308' title='bbox 588 2731 670 2764; x_wconf 80' lang='lat' dir='ltr'><strong>imam</strong></span> <span class='ocrx_word' id='word_1_309' title='bbox 687 2735 788 2764; x_wconf 76' lang='lat' dir='ltr'><strong>noHem</strong></span> <span class='ocrx_word' id='word_1_310' title='bbox 809 2745 839 2763; x_wconf 84' lang='lat' dir='ltr'><strong>zn</strong></span> <span class='ocrx_word' id='word_1_311' title='bbox 859 2733 934 2764; x_wconf 82' lang='lat' dir='ltr'><strong>domo</strong></span> <span class='ocrx_word' id='word_1_312' title='bbox 944 2736 1070 2773; x_wconf 76' lang='lat' dir='ltr'><strong>sica-—</strong></span> 
     </span>
     <span class='ocr_line' id='line_1_55' title="bbox 335 2779 1046 2824; baseline 0.01 -15"><span class='ocrx_word' id='word_1_313' title='bbox 335 2781 388 2819; x_wconf 79' lang='lat' dir='ltr'><strong>mfi</strong></span> <span class='ocrx_word' id='word_1_314' title='bbox 395 2779 538 2824; x_wconf 75' lang='lat' dir='ltr'><strong>hospitatus</strong></span> <span class='ocrx_word' id='word_1_315' title='bbox 547 2782 593 2811; x_wconf 86' lang='lat' dir='ltr'><strong>ille</strong></span> <span class='ocrx_word' id='word_1_316' title='bbox 606 2780 731 2821; x_wconf 60' lang='lat' dir='ltr'><strong>affinium</strong></span> <span class='ocrx_word' id='word_1_317' title='bbox 750 2780 905 2813; x_wconf 71' lang='lat' dir='ltr'><strong>rationabile</strong></span> <span class='ocrx_word' id='word_1_318' title='bbox 916 2782 1046 2817; x_wconf 73' lang='lat' dir='ltr'><strong>habuerit.</strong></span> 
     </span>
    </p>

    <p class='ocr_par' dir='ltr' id='par_1_13' title="bbox 328 2824 1077 3307">
     <span class='ocr_line' id='line_1_56' title="bbox 382 2824 1072 2877; baseline 0.006 -14"><span class='ocrx_word' id='word_1_319' title='bbox 382 2824 406 2872; x_wconf 62' lang='lat' dir='ltr'>ff</span> <span class='ocrx_word' id='word_1_320' title='bbox 429 2824 596 2871; x_wconf 76' lang='lat' dir='ltr'><strong>Eftamina.</strong></span> <span class='ocrx_word' id='word_1_321' title='bbox 607 2826 624 2872; x_wconf 96' lang='lat'>]</span> <span class='ocrx_word' id='word_1_322' title='bbox 636 2825 806 2874; x_wconf 85' lang='lat' dir='ltr'><strong>Sigebei·tus</strong></span> <span class='ocrx_word' id='word_1_323' title='bbox 819 2829 849 2863; x_wconf 87' lang='lat' dir='ltr'><strong>in</strong></span> <span class='ocrx_word' id='word_1_324' title='bbox 864 2830 943 2864; x_wconf 88' lang='lat' dir='ltr'><strong>Ann.</strong></span> <span class='ocrx_word' id='word_1_325' title='bbox 966 2843 978 2864; x_wconf 92' lang='lat'>1</span> <span class='ocrx_word' id='word_1_326' title='bbox 993 2844 1004 2865; x_wconf 91' lang='lat'>1</span> <span class='ocrx_word' id='word_1_327' title='bbox 1015 2844 1072 2877; x_wconf 87' lang='lat'><strong>07.</strong></span> 
     </span>
     <span class='ocr_line' id='line_1_57' title="bbox 336 2876 1073 2921; baseline 0.008 -13"><span class='ocrx_word' id='word_1_328' title='bbox 336 2876 427 2909; x_wconf 72' lang='lat' dir='ltr'><strong>abbas</strong></span> <span class='ocrx_word' id='word_1_329' title='bbox 440 2879 563 2918; x_wconf 77' lang='lat' dir='ltr'><strong>Cistercii</strong></span> <span class='ocrx_word' id='word_1_330' title='bbox 576 2877 611 2912; x_wconf 82' lang='lat'><em>&amp;</em></span> <span class='ocrx_word' id='word_1_331' title='bbox 624 2883 731 2911; x_wconf 74' lang='lat' dir='ltr'><strong>Fratres</strong></span> <span class='ocrx_word' id='word_1_332' title='bbox 744 2888 811 2921; x_wconf 72' lang='lat' dir='ltr'><strong>ejus,</strong></span> <span class='ocrx_word' id='word_1_333' title='bbox 841 2891 891 2911; x_wconf 82' lang='lat' dir='ltr'><strong>non</strong></span> <span class='ocrx_word' id='word_1_334' title='bbox 906 2884 1073 2914; x_wconf 79' lang='lat' dir='ltr'><strong>immemores</strong></span> 
     </span>
     <span class='ocr_line' id='line_1_58' title="bbox 328 2923 1073 2972; baseline 0.013 -19"><span class='ocrx_word' id='word_1_335' title='bbox 328 2923 469 2965; x_wconf 71' lang='lat' dir='ltr'><strong>sponsionis</strong></span> <span class='ocrx_word' id='word_1_336' title='bbox 478 2926 532 2964; x_wconf 76' lang='lat' dir='ltr'><strong>ficae</strong></span> <span class='ocrx_word' id='word_1_337' title='bbox 545 2951 556 2966; x_wconf 88' lang='lat'><strong>,</strong></span> <span class='ocrx_word' id='word_1_338' title='bbox 578 2929 697 2972; x_wconf 82' lang='lat' dir='ltr'><strong>regulam</strong></span> <span class='ocrx_word' id='word_1_339' title='bbox 714 2928 787 2960; x_wconf 84' lang='lat' dir='ltr'><strong>beati</strong></span> <span class='ocrx_word' id='word_1_340' title='bbox 805 2929 947 2963; x_wconf 66' lang='lat' dir='ltr'><strong>Benediflz&#39;</strong></span> <span class='ocrx_word' id='word_1_341' title='bbox 971 2935 1001 2962; x_wconf 83' lang='lat' dir='ltr'><strong>in</strong></span> <span class='ocrx_word' id='word_1_342' title='bbox 1022 2933 1073 2963; x_wconf 81' lang='lat' dir='ltr'><strong>loco</strong></span> 
     </span>
     <span class='ocr_line' id='line_1_59' title="bbox 336 2972 1074 3022; baseline 0.014 -21"><span class='ocrx_word' id='word_1_343' title='bbox 336 2972 382 3002; x_wconf 86' lang='lat' dir='ltr'><strong>illo</strong></span> <span class='ocrx_word' id='word_1_344' title='bbox 416 2973 566 3005; x_wconf 79' lang='lat' dir='ltr'><strong>ordinatam</strong></span> <span class='ocrx_word' id='word_1_345' title='bbox 592 2981 756 3009; x_wconf 81' lang='lat' dir='ltr'><strong>unanimiter</strong></span> <span class='ocrx_word' id='word_1_346' title='bbox 777 2978 934 3017; x_wconf 81' lang='lat' dir='ltr'><strong>statuerunt</strong></span> <span class='ocrx_word' id='word_1_347' title='bbox 961 2990 1074 3022; x_wconf 68' lang='lat' dir='ltr'><strong>tenere3</strong></span> 
     </span>
     <span class='ocr_line' id='line_1_60' title="bbox 336 3020 1074 3071; baseline 0.012 -21"><span class='ocrx_word' id='word_1_348' title='bbox 336 3023 485 3061; x_wconf 77' lang='lat' dir='ltr'><strong>rejicientes</strong></span> <span class='ocrx_word' id='word_1_349' title='bbox 502 3020 520 3051; x_wconf 69' lang='grc' dir='ltr'><em>ὰ</em></span> <span class='ocrx_word' id='word_1_350' title='bbox 543 3021 574 3058; x_wconf 61' lang='lat' dir='ltr'><strong>fi*</strong></span> <span class='ocrx_word' id='word_1_351' title='bbox 600 3027 729 3067; x_wconf 76' lang='lat' dir='ltr'><strong>quicquid</strong></span> <span class='ocrx_word' id='word_1_352' title='bbox 744 3028 838 3069; x_wconf 75' lang='lat' dir='ltr'><strong>regulae</strong></span> <span class='ocrx_word' id='word_1_353' title='bbox 860 3027 1046 3071; x_wconf 71' lang='lat' dir='ltr'><strong>refragabatur</strong></span> <span class='ocrx_word' id='word_1_354' title='bbox 1064 3053 1074 3068; x_wconf 88' lang='lat'><strong>,</strong></span> 
     </span>
     <span class='ocr_line' id='line_1_61' title="bbox 330 3068 1074 3118; baseline 0.012 -20"><span class='ocrx_word' id='word_1_355' title='bbox 330 3070 428 3106; x_wconf 76' lang='lat' dir='ltr'><strong>foricos</strong></span> <span class='ocrx_word' id='word_1_356' title='bbox 441 3069 567 3100; x_wconf 78' lang='lat' dir='ltr'><strong>videlicet</strong></span> <span class='ocrx_word' id='word_1_357' title='bbox 590 3068 625 3102; x_wconf 57' lang='grc' dir='ltr'>ὅ</span> <span class='ocrx_word' id='word_1_358' title='bbox 649 3074 781 3114; x_wconf 80' lang='lat' dir='ltr'><strong>pelliceas,</strong></span> <span class='ocrx_word' id='word_1_359' title='bbox 803 3075 944 3114; x_wconf 61' lang='lat' dir='ltr'><strong>affamina,</strong></span> <span class='ocrx_word' id='word_1_360' title='bbox 967 3080 1074 3118; x_wconf 78' lang='lat' dir='ltr'><strong>caputia</strong></span> 
     </span>
     <span class='ocr_line' id='line_1_62' title="bbox 339 3117 1076 3164; baseline 0.009 -17"><span class='ocrx_word' id='word_1_361' title='bbox 339 3128 441 3161; x_wconf 83' lang='lat' dir='ltr'><strong>quoque</strong></span> <span class='ocrx_word' id='word_1_362' title='bbox 461 3117 620 3156; x_wconf 66' lang='lat' dir='ltr'><strong>femoralia,</strong></span> <span class='ocrx_word' id='word_1_363' title='bbox 636 3121 747 3162; x_wconf 55' lang='lat' dir='ltr'><strong>petima</strong></span> <span class='ocrx_word' id='word_1_364' title='bbox 772 3119 806 3154; x_wconf 79' lang='lat'><em>&amp;</em></span> <span class='ocrx_word' id='word_1_365' title='bbox 825 3127 980 3164; x_wconf 80' lang='lat' dir='ltr'><strong>coopertoria</strong></span> <span class='ocrx_word' id='word_1_366' title='bbox 1000 3124 1076 3162; x_wconf 85' lang='lat' dir='ltr'><strong>stra-</strong></span> 
     </span>
     <span class='ocr_line' id='line_1_63' title="bbox 342 3167 1076 3208; baseline 0.008 -12"><span class='ocrx_word' id='word_1_367' title='bbox 342 3170 419 3197; x_wconf 84' lang='lat' dir='ltr'><strong>mina</strong></span> <span class='ocrx_word' id='word_1_368' title='bbox 431 3167 554 3197; x_wconf 71' lang='lat' dir='ltr'><strong>leHorum</strong></span> <span class='ocrx_word' id='word_1_369' title='bbox 574 3189 584 3205; x_wconf 95' lang='lat'><strong>,</strong></span> <span class='ocrx_word' id='word_1_370' title='bbox 610 3179 642 3198; x_wconf 83' lang='lat' dir='ltr'><strong>ac</strong></span> <span class='ocrx_word' id='word_1_371' title='bbox 654 3167 755 3206; x_wconf 72' lang='lat' dir='ltr'><strong>diversa</strong></span> <span class='ocrx_word' id='word_1_372' title='bbox 767 3167 884 3200; x_wconf 77' lang='lat' dir='ltr'><strong>ciborum</strong></span> <span class='ocrx_word' id='word_1_373' title='bbox 896 3173 926 3200; x_wconf 87' lang='lat' dir='ltr'><strong>in</strong></span> <span class='ocrx_word' id='word_1_374' title='bbox 943 3172 1076 3208; x_wconf 59' lang='lat' dir='ltr'><strong>refi’fforio</strong></span> 
     </span>
     <span class='ocr_line' id='line_1_64' title="bbox 337 3212 1077 3262; baseline 0.008 -18"><span class='ocrx_word' id='word_1_375' title='bbox 337 3216 441 3250; x_wconf 80' lang='lat' dir='ltr'><strong>fercula</strong></span> <span class='ocrx_word' id='word_1_376' title='bbox 458 3239 468 3254; x_wconf 96' lang='lat'><strong>,</strong></span> <span class='ocrx_word' id='word_1_377' title='bbox 483 3214 608 3258; x_wconf 77' lang='lat' dir='ltr'><strong>fiigimcn</strong></span> <span class='ocrx_word' id='word_1_378' title='bbox 639 3221 723 3248; x_wconf 80' lang='lat' dir='ltr'><strong>etiam</strong></span> <span class='ocrx_word' id='word_1_379' title='bbox 749 3212 784 3248; x_wconf 84' lang='lat'><em>&amp;</em></span> <span class='ocrx_word' id='word_1_380' title='bbox 796 3227 892 3249; x_wconf 80' lang='lat' dir='ltr'><strong>caetera</strong></span> <span class='ocrx_word' id='word_1_381' title='bbox 914 3230 1002 3249; x_wconf 83' lang='lat' dir='ltr'><strong>omnia</strong></span> <span class='ocrx_word' id='word_1_382' title='bbox 1018 3230 1077 3262; x_wconf 63' lang='lat' dir='ltr'><strong>quie</strong></span> 
     </span>
     <span class='ocr_line' id='line_1_65' title="bbox 335 3264 792 3307; baseline 0.009 -15"><span class='ocrx_word' id='word_1_383' title='bbox 335 3267 456 3306; x_wconf 74' lang='lat' dir='ltr'><strong>puritati</strong></span> <span class='ocrx_word' id='word_1_384' title='bbox 469 3265 562 3307; x_wconf 80' lang='lat' dir='ltr'><strong>regulae</strong></span> <span class='ocrx_word' id='word_1_385' title='bbox 580 3264 792 3303; x_wconf 63' lang='lat' dir='ltr'><strong>adversabuntur.</strong></span> 
     </span>
    </p>

    <p class='ocr_par' dir='ltr' id='par_1_14' title="bbox 343 3306 1078 3507">
     <span class='ocr_line' id='line_1_66' title="bbox 391 3306 1078 3358; baseline 0.013 -15"><span class='ocrx_word' id='word_1_386' title='bbox 391 3306 413 3353; x_wconf 56' lang='lat' dir='ltr'><strong>ff</strong></span> <span class='ocrx_word' id='word_1_387' title='bbox 432 3307 631 3355; x_wconf 76' lang='lat' dir='ltr'><strong>Efterlingus,</strong></span> <span class='ocrx_word' id='word_1_388' title='bbox 655 3308 696 3345; x_wconf 82' lang='lat' dir='ltr'><strong>al·</strong></span> <span class='ocrx_word' id='word_1_389' title='bbox 725 3309 903 3358; x_wconf 79' lang='lat' dir='ltr'><strong>Starlingus</strong></span> <span class='ocrx_word' id='word_1_390' title='bbox 925 3317 963 3349; x_wconf 69' lang='grc' dir='ltr'><strong>δε</strong></span> <span class='ocrx_word' id='word_1_391' title='bbox 987 3313 1078 3352; x_wconf 80' lang='lat' dir='ltr'><strong>Ster-</strong></span> 
     </span>
     <span class='ocr_line' id='line_1_67' title="bbox 344 3354 1077 3410; baseline 0.01 -19"><span class='ocrx_word' id='word_1_392' title='bbox 344 3354 481 3402; x_wconf 58' lang='lat' dir='ltr'><strong>lingus]</strong></span> <span class='ocrx_word' id='word_1_393' title='bbox 507 3365 643 3392; x_wconf 70' lang='lat' dir='ltr'><strong>Denarius</strong></span> <span class='ocrx_word' id='word_1_394' title='bbox 656 3360 776 3406; x_wconf 85' lang='lat' dir='ltr'><strong>Angliae</strong></span> <span class='ocrx_word' id='word_1_395' title='bbox 795 3373 963 3408; x_wconf 76' lang='lat' dir='ltr'><strong>argenteUS,</strong></span> <span class='ocrx_word' id='word_1_396' title='bbox 996 3364 1077 3410; x_wconf 85' lang='lat' dir='ltr'><strong>cujus</strong></span> 
     </span>
     <span class='ocr_line' id='line_1_68' title="bbox 344 3406 1077 3456; baseline 0.015 -19"><span class='ocrx_word' id='word_1_397' title='bbox 344 3406 429 3439; x_wconf 81' lang='lat' dir='ltr'><strong>valor</strong></span> <span class='ocrx_word' id='word_1_398' title='bbox 447 3406 565 3453; x_wconf 83' lang='lat' dir='ltr'><strong>antiqus</strong></span> <span class='ocrx_word' id='word_1_399' title='bbox 589 3408 710 3442; x_wconf 87' lang='lat' dir='ltr'><strong>Statuto</strong></span> <span class='ocrx_word' id='word_1_400' title='bbox 733 3411 790 3443; x_wconf 85' lang='lat' dir='ltr'><strong>An.</strong></span> <span class='ocrx_word' id='word_1_401' title='bbox 807 3423 862 3456; x_wconf 81' lang='lat'><strong>51.</strong></span> <span class='ocrx_word' id='word_1_402' title='bbox 883 3411 1036 3447; x_wconf 78' lang='lat' dir='ltr'><strong>Edouardi</strong></span> <span class='ocrx_word' id='word_1_403' title='bbox 1056 3414 1077 3448; x_wconf 90' lang='lat' dir='ltr'><strong>I.</strong></span> 
     </span>
     <span class='ocr_line' id='line_1_69' title="bbox 343 3451 1078 3507; baseline 0.012 -21"><span class='ocrx_word' id='word_1_404' title='bbox 343 3451 383 3486; x_wconf 79' lang='lat' dir='ltr'><strong>sic</strong></span> <span class='ocrx_word' id='word_1_405' title='bbox 396 3454 560 3488; x_wconf 83' lang='lat' dir='ltr'><strong>exhibetur.</strong></span> <span class='ocrx_word' id='word_1_406' title='bbox 578 3461 630 3489; x_wconf 85' lang='lat' dir='ltr'><strong>Per</strong></span> <span class='ocrx_word' id='word_1_407' title='bbox 647 3459 822 3492; x_wconf 79' lang='lat' dir='ltr'><strong>ordinationes</strong></span> <span class='ocrx_word' id='word_1_408' title='bbox 832 3466 912 3493; x_wconf 68' lang='lat' dir='ltr'><strong>tomis</strong></span> <span class='ocrx_word' id='word_1_409' title='bbox 925 3469 1001 3507; x_wconf 73' lang='lat' dir='ltr'><strong>regni</strong></span> <span class='ocrx_word' id='word_1_410' title='bbox 1020 3470 1078 3497; x_wconf 88' lang='lat' dir='ltr'><strong>An-</strong></span> 
     </span>
    </p>
   </div>
   <div class='ocr_carea' id='block_1_7' title="bbox 340 3505 1079 3561">
    <p class='ocr_par' dir='ltr' id='par_1_15' title="bbox 340 3505 1079 3561">
     <span class='ocr_line' id='line_1_70' title="bbox 340 3505 1079 3561; baseline 0.018 -27"><span class='ocrx_word' id='word_1_411' title='bbox 340 3505 404 3546; x_wconf 74' lang='lat' dir='ltr'><strong>gliae</strong></span> <span class='ocrx_word' id='word_1_412' title='bbox 506 3505 630 3541; x_wconf 67' lang='lat' dir='ltr'><strong>denarius</strong></span> <span class='ocrx_word' id='word_1_413' title='bbox 660 3510 765 3554; x_wconf 79' lang='lat' dir='ltr'><strong>Angliae</strong></span> <span class='ocrx_word' id='word_1_414' title='bbox 779 3513 826 3554; x_wconf 80' lang='lat' dir='ltr'><strong>qui</strong></span> <span class='ocrx_word' id='word_1_415' title='bbox 837 3520 947 3558; x_wconf 78' lang='lat' dir='ltr'><strong>vocatur</strong></span> <span class='ocrx_word' id='word_1_416' title='bbox 967 3514 1079 3561; x_wconf 74' lang='lat' dir='ltr'><strong>sterlin-¹</strong></span> 
     </span>
    </p>
   </div>
   <div class='ocr_carea' id='block_1_8' title="bbox 651 2700 740 2708">
    <p class='ocr_par' dir='ltr' id='par_1_16' title="bbox 651 2700 740 2708">
     <span class='ocr_line' id='line_1_71' title="bbox 651 2700 740 2708; baseline 0 1101"><span class='ocrx_word' id='word_1_417' title='bbox 651 2700 740 2708; x_wconf 95' lang='lat' dir='ltr'><strong> </strong></span> 
     </span>
    </p>
   </div>
   <div class='ocr_carea' id='block_1_9' title="bbox 407 3520 504 3528">
    <p class='ocr_par' dir='ltr' id='par_1_17' title="bbox 407 3520 504 3528">
     <span class='ocr_line' id='line_1_72' title="bbox 407 3520 504 3528; baseline 0 281"><span class='ocrx_word' id='word_1_418' title='bbox 407 3520 504 3528; x_wconf 95' lang='lat' dir='ltr'><strong> </strong></span> 
     </span>
    </p>
   </div>
   <div class='ocr_carea' id='block_1_10' title="bbox 933 251 1594 372">
    <p class='ocr_par' dir='ltr' id='par_1_18' title="bbox 933 251 1594 372">
     <span class='ocr_line' id='line_1_73' title="bbox 933 251 1594 372; baseline 0.005 -28"><span class='ocrx_word' id='word_1_419' title='bbox 933 251 1594 372; x_wconf 49' lang='lat' dir='ltr'><strong>ssARAUM&#39;</strong></span> 
     </span>
    </p>
   </div>
   <div class='ocr_carea' id='block_1_11' title="bbox 338 401 1868 461">
    <p class='ocr_par' dir='ltr' id='par_1_19' title="bbox 338 401 1868 461">
     <span class='ocr_line' id='line_1_74' title="bbox 338 401 1868 461; baseline 0.002 -18"><span class='ocrx_word' id='word_1_420' title='bbox 338 401 443 444; x_wconf 81' lang='lat' dir='ltr'><strong>nostris</strong></span> <span class='ocrx_word' id='word_1_421' title='bbox 461 411 585 450; x_wconf 70' lang='lat' dir='ltr'><strong>eslbmum</strong></span> <span class='ocrx_word' id='word_1_422' title='bbox 601 420 664 441; x_wconf 90' lang='lat' dir='ltr'><strong>non</strong></span> <span class='ocrx_word' id='word_1_423' title='bbox 673 406 791 447; x_wconf 88' lang='lat' dir='ltr'><strong>dicitur,</strong></span> <span class='ocrx_word' id='word_1_424' title='bbox 813 416 844 439; x_wconf 89' lang='lat' dir='ltr'><strong>at</strong></span> <span class='ocrx_word' id='word_1_425' title='bbox 851 418 885 439; x_wconf 86' lang='lat' dir='ltr'><strong>ea</strong></span> <span class='ocrx_word' id='word_1_426' title='bbox 905 404 998 439; x_wconf 71' lang='lat' dir='ltr'><strong>solum</strong></span> <span class='ocrx_word' id='word_1_427' title='bbox 1012 418 1080 452; x_wconf 84' lang='lat' dir='ltr'><strong>quae</strong></span> <span class='ocrx_word' id='word_1_428' title='bbox 1127 420 1190 451; x_wconf 86' lang='lat' dir='ltr'><strong>gus,</strong></span> <span class='ocrx_word' id='word_1_429' title='bbox 1214 412 1340 441; x_wconf 81' lang='lat' dir='ltr'><strong>rotundus</strong></span> <span class='ocrx_word' id='word_1_430' title='bbox 1347 413 1407 450; x_wconf 82' lang='lat' dir='ltr'><strong>fine</strong></span> <span class='ocrx_word' id='word_1_431' title='bbox 1424 412 1538 453; x_wconf 71' lang='lat' dir='ltr'><strong>tonsura,</strong></span> <span class='ocrx_word' id='word_1_432' title='bbox 1555 416 1712 457; x_wconf 75' lang='lat' dir='ltr'><strong>ponderabit</strong></span> <span class='ocrx_word' id='word_1_433' title='bbox 1734 427 1788 461; x_wconf 79' lang='lat'><strong>32.</strong></span> <span class='ocrx_word' id='word_1_434' title='bbox 1801 429 1868 460; x_wconf 73' lang='lat' dir='ltr'><strong>gru-</strong></span> 
     </span>
    </p>
   </div>
   <div class='ocr_carea' id='block_1_12' title="bbox 1110 460 1867 3077">
    <p class='ocr_par' dir='ltr' id='par_1_20' title="bbox 1110 460 1867 1856">
     <span class='ocr_line' id='line_1_75' title="bbox 1128 460 1867 504; baseline 0.014 -18"><span class='ocrx_word' id='word_1_435' title='bbox 1128 467 1165 486; x_wconf 83' lang='lat' dir='ltr'><strong>na</strong></span> <span class='ocrx_word' id='word_1_436' title='bbox 1173 460 1307 496; x_wconf 81' lang='lat' dir='ltr'><strong>frumenti</strong></span> <span class='ocrx_word' id='word_1_437' title='bbox 1319 464 1350 490; x_wconf 88' lang='lat' dir='ltr'><strong>in</strong></span> <span class='ocrx_word' id='word_1_438' title='bbox 1363 461 1449 491; x_wconf 75' lang='lat' dir='ltr'><strong>medio</strong></span> <span class='ocrx_word' id='word_1_439' title='bbox 1467 462 1558 504; x_wconf 78' lang='lat' dir='ltr'><strong>spicae,</strong></span> <span class='ocrx_word' id='word_1_440' title='bbox 1579 460 1614 495; x_wconf 51' lang='grc' dir='ltr'>ὅ</span> <span class='ocrx_word' id='word_1_441' title='bbox 1638 475 1684 496; x_wconf 85' lang='lat'><strong>20</strong></span> <span class='ocrx_word' id='word_1_442' title='bbox 1703 466 1810 496; x_wconf 79' lang='lat' dir='ltr'><strong>denarii</strong></span> <span class='ocrx_word' id='word_1_443' title='bbox 1817 468 1867 503; x_wconf 74' lang='lat' dir='ltr'><strong>fa-</strong></span> 
     </span>
     <span class='ocr_line' id='line_1_76' title="bbox 1128 504 1866 549; baseline 0.015 -15"><span class='ocrx_word' id='word_1_444' title='bbox 1128 509 1184 535; x_wconf 75' lang='lat' dir='ltr'><strong>ciat</strong></span> <span class='ocrx_word' id='word_1_445' title='bbox 1197 512 1316 547; x_wconf 81' lang='lat' dir='ltr'><strong>unciam,</strong></span> <span class='ocrx_word' id='word_1_446' title='bbox 1334 504 1368 539; x_wconf 79' lang='lat'><em>&amp;</em></span> <span class='ocrx_word' id='word_1_447' title='bbox 1388 520 1400 541; x_wconf 94' lang='lat'>1</span> <span class='ocrx_word' id='word_1_448' title='bbox 1411 519 1431 540; x_wconf 91' lang='lat'><em>2</em></span> <span class='ocrx_word' id='word_1_449' title='bbox 1451 521 1534 540; x_wconf 68' lang='lat' dir='ltr'><strong>nncix</strong></span> <span class='ocrx_word' id='word_1_450' title='bbox 1547 514 1658 549; x_wconf 76' lang='lat' dir='ltr'><strong>fizeiunt</strong></span> <span class='ocrx_word' id='word_1_451' title='bbox 1676 512 1780 545; x_wconf 76' lang='lat' dir='ltr'><strong>libram.</strong></span> <span class='ocrx_word' id='word_1_452' title='bbox 1799 513 1866 545; x_wconf 75' lang='lat' dir='ltr'><strong>Lex</strong></span> 
     </span>
     <span class='ocr_line' id='line_1_77' title="bbox 1128 554 1865 604; baseline 0.014 -20"><span class='ocrx_word' id='word_1_453' title='bbox 1128 564 1296 594; x_wconf 83' lang='lat' dir='ltr'><strong>nonnova,</strong></span> <span class='ocrx_word' id='word_1_454' title='bbox 1319 554 1367 588; x_wconf 89' lang='lat' dir='ltr'><strong>sed</strong></span> <span class='ocrx_word' id='word_1_455' title='bbox 1377 567 1444 600; x_wconf 82' lang='lat' dir='ltr'><strong>quae</strong></span> <span class='ocrx_word' id='word_1_456' title='bbox 1467 556 1506 589; x_wconf 85' lang='lat' dir='ltr'><strong>ab</strong></span> <span class='ocrx_word' id='word_1_457' title='bbox 1517 556 1583 603; x_wconf 80' lang='lat' dir='ltr'><strong>ipfis</strong></span> <span class='ocrx_word' id='word_1_458' title='bbox 1595 559 1865 604; x_wconf 84' lang='lat' dir='ltr'><strong>Anglo-Norman-</strong></span> 
     </span>
     <span class='ocr_line' id='line_1_78' title="bbox 1125 599 1866 649; baseline 0.016 -19"><span class='ocrx_word' id='word_1_459' title='bbox 1125 599 1197 632; x_wconf 87' lang='lat' dir='ltr'><strong>nicis</strong></span> <span class='ocrx_word' id='word_1_460' title='bbox 1215 601 1352 647; x_wconf 87' lang='lat' dir='ltr'><strong>Regibus</strong></span> <span class='ocrx_word' id='word_1_461' title='bbox 1364 602 1540 646; x_wconf 85' lang='lat' dir='ltr'><strong>invaluerat,</strong></span> <span class='ocrx_word' id='word_1_462' title='bbox 1556 606 1721 641; x_wconf 80' lang='lat' dir='ltr'><strong>roboratur.</strong></span> <span class='ocrx_word' id='word_1_463' title='bbox 1769 610 1866 649; x_wconf 84' lang='lat' dir='ltr'><strong>Nam,</strong></span> 
     </span>
     <span class='ocr_line' id='line_1_79' title="bbox 1126 648 1864 700; baseline 0.019 -23"><span class='ocrx_word' id='word_1_464' title='bbox 1126 648 1159 678; x_wconf 74' lang='grc' dir='ltr'><strong>δε</strong></span> <span class='ocrx_word' id='word_1_465' title='bbox 1172 650 1243 680; x_wconf 82' lang='lat' dir='ltr'><strong>tunc</strong></span> <span class='ocrx_word' id='word_1_466' title='bbox 1257 649 1380 694; x_wconf 86' lang='lat' dir='ltr'><strong>quidem</strong></span> <span class='ocrx_word' id='word_1_467' title='bbox 1397 651 1570 687; x_wconf 84' lang='lat' dir='ltr'><strong>20.denarii</strong></span> <span class='ocrx_word' id='word_1_468' title='bbox 1583 655 1716 700; x_wconf 83' lang='lat' dir='ltr'><strong>probatae</strong></span> <span class='ocrx_word' id='word_1_469' title='bbox 1730 667 1864 690; x_wconf 71' lang='lat' dir='ltr'><strong>monetae</strong></span> 
     </span>
     <span class='ocr_line' id='line_1_80' title="bbox 1126 695 1863 752; baseline 0.02 -27"><span class='ocrx_word' id='word_1_470' title='bbox 1126 695 1248 728; x_wconf 85' lang='lat' dir='ltr'><strong>unciam</strong></span> <span class='ocrx_word' id='word_1_471' title='bbox 1261 696 1485 741; x_wconf 82' lang='lat' dir='ltr'><strong>ponderabant:</strong></span> <span class='ocrx_word' id='word_1_472' title='bbox 1514 702 1588 736; x_wconf 87' lang='lat' dir='ltr'><strong>libra</strong></span> <span class='ocrx_word' id='word_1_473' title='bbox 1607 705 1719 749; x_wconf 86' lang='lat' dir='ltr'><strong>pariter</strong></span> <span class='ocrx_word' id='word_1_474' title='bbox 1736 705 1748 749; x_wconf 88' lang='lat'>(</span> <span class='ocrx_word' id='word_1_475' title='bbox 1762 717 1829 752; x_wconf 78' lang='lat' dir='ltr'><strong>quae</strong></span> <span class='ocrx_word' id='word_1_476' title='bbox 1847 706 1863 738; x_wconf 75' lang='grc' dir='ltr'>ἐ</span> 
     </span>
     <span class='ocr_line' id='line_1_81' title="bbox 1127 742 1864 799; baseline 0.019 -25"><span class='ocrx_word' id='word_1_477' title='bbox 1127 753 1175 774; x_wconf 87' lang='lat'><strong>20</strong></span> <span class='ocrx_word' id='word_1_478' title='bbox 1194 742 1289 777; x_wconf 69' lang='lat' dir='ltr'><strong>splidis</strong></span> <span class='ocrx_word' id='word_1_479' title='bbox 1301 744 1465 788; x_wconf 82' lang='lat' dir='ltr'><strong>constabat,</strong></span> <span class='ocrx_word' id='word_1_480' title='bbox 1487 761 1659 797; x_wconf 80' lang='lat' dir='ltr'><strong>nomenque</strong></span> <span class='ocrx_word' id='word_1_481' title='bbox 1683 751 1700 786; x_wconf 72' lang='grc' dir='ltr'>ὲ</span> <span class='ocrx_word' id='word_1_482' title='bbox 1731 753 1864 799; x_wconf 83' lang='lat' dir='ltr'><strong>pondere</strong></span> 
     </span>
     <span class='ocr_line' id='line_1_82' title="bbox 1123 788 1862 847; baseline 0.02 -26"><span class='ocrx_word' id='word_1_483' title='bbox 1123 788 1233 835; x_wconf 87' lang='lat' dir='ltr'><strong>adepta</strong></span> <span class='ocrx_word' id='word_1_484' title='bbox 1251 789 1319 833; x_wconf 85' lang='lat' dir='ltr'><strong>est)</strong></span> <span class='ocrx_word' id='word_1_485' title='bbox 1349 805 1360 825; x_wconf 95' lang='lat'>1</span> <span class='ocrx_word' id='word_1_486' title='bbox 1372 806 1391 827; x_wconf 90' lang='lat'><em>2</em></span> <span class='ocrx_word' id='word_1_487' title='bbox 1403 795 1525 837; x_wconf 78' lang='lat' dir='ltr'><strong>uncias3</strong></span> <span class='ocrx_word' id='word_1_488' title='bbox 1548 798 1639 831; x_wconf 71' lang='lat' dir='ltr'><strong>[olido</strong></span> <span class='ocrx_word' id='word_1_489' title='bbox 1657 801 1790 847; x_wconf 87' lang='lat' dir='ltr'><strong>quolibet</strong></span> <span class='ocrx_word' id='word_1_490' title='bbox 1809 816 1821 836; x_wconf 92' lang='lat'>1</span> <span class='ocrx_word' id='word_1_491' title='bbox 1833 815 1862 836; x_wconf 89' lang='lat'><strong>2.</strong></span> 
     </span>
     <span class='ocr_line' id='line_1_83' title="bbox 1123 836 1863 884; baseline 0.02 -14"><span class='ocrx_word' id='word_1_492' title='bbox 1123 836 1259 873; x_wconf 81' lang='lat' dir='ltr'><strong>denarios</strong></span> <span class='ocrx_word' id='word_1_493' title='bbox 1277 841 1459 875; x_wconf 87' lang='lat' dir='ltr'><strong>continente.</strong></span> <span class='ocrx_word' id='word_1_494' title='bbox 1495 844 1661 879; x_wconf 81' lang='lat' dir='ltr'><strong>Saxonibus</strong></span> <span class='ocrx_word' id='word_1_495' title='bbox 1679 850 1771 883; x_wconf 80' lang='lat' dir='ltr'><strong>etiam</strong></span> <span class='ocrx_word' id='word_1_496' title='bbox 1788 850 1863 884; x_wconf 71' lang='lat' dir='ltr'><strong>libra</strong></span> 
     </span>
     <span class='ocr_line' id='line_1_84' title="bbox 1122 885 1861 943; baseline 0.018 -25"><span class='ocrx_word' id='word_1_497' title='bbox 1122 885 1231 920; x_wconf 83' lang='lat' dir='ltr'><strong>libram</strong></span> <span class='ocrx_word' id='word_1_498' title='bbox 1248 887 1364 934; x_wconf 84' lang='lat' dir='ltr'><strong>pendit,</strong></span> <span class='ocrx_word' id='word_1_499' title='bbox 1379 889 1427 923; x_wconf 76' lang='lat' dir='ltr'><strong>sed</strong></span> <span class='ocrx_word' id='word_1_500' title='bbox 1446 893 1616 926; x_wconf 85' lang='lat' dir='ltr'><strong>numeravit</strong></span> <span class='ocrx_word' id='word_1_501' title='bbox 1629 896 1783 930; x_wconf 81' lang='lat' dir='ltr'><strong>tunclibra</strong></span> <span class='ocrx_word' id='word_1_502' title='bbox 1802 899 1861 943; x_wconf 84' lang='lat'><strong>48.</strong></span> 
     </span>
     <span class='ocr_line' id='line_1_85' title="bbox 1121 933 1859 988; baseline 0.018 -22"><span class='ocrx_word' id='word_1_503' title='bbox 1121 933 1240 977; x_wconf 59' lang='lat' dir='ltr'><strong>stolidos,</strong></span> <span class='ocrx_word' id='word_1_504' title='bbox 1257 936 1405 971; x_wconf 77' lang='lat' dir='ltr'><strong>&amp;solidus</strong></span> <span class='ocrx_word' id='word_1_505' title='bbox 1422 951 1483 972; x_wconf 90' lang='lat' dir='ltr'><strong>non</strong></span> <span class='ocrx_word' id='word_1_506' title='bbox 1502 939 1579 974; x_wconf 89' lang='lat' dir='ltr'><strong>ultra</strong></span> <span class='ocrx_word' id='word_1_507' title='bbox 1590 943 1695 988; x_wconf 82' lang='lat' dir='ltr'><strong>quinos</strong></span> <span class='ocrx_word' id='word_1_508' title='bbox 1717 943 1859 980; x_wconf 85' lang='lat' dir='ltr'><strong>denarios.</strong></span> 
     </span>
     <span class='ocr_line' id='line_1_86' title="bbox 1121 983 1864 1039; baseline 0.015 -23"><span class='ocrx_word' id='word_1_509' title='bbox 1121 983 1263 1018; x_wconf 89' lang='lat' dir='ltr'><strong>Occurrit</strong></span> <span class='ocrx_word' id='word_1_510' title='bbox 1286 995 1389 1020; x_wconf 84' lang='lat' dir='ltr'><strong>autem</strong></span> <span class='ocrx_word' id='word_1_511' title='bbox 1406 989 1558 1036; x_wconf 80' lang='lat' dir='ltr'><strong>esterlingus</strong></span> <span class='ocrx_word' id='word_1_512' title='bbox 1586 990 1738 1025; x_wconf 89' lang='lat' dir='ltr'><strong>interdum</strong></span> <span class='ocrx_word' id='word_1_513' title='bbox 1755 991 1864 1039; x_wconf 86' lang='lat' dir='ltr'><strong>simpli-</strong></span> 
     </span>
     <span class='ocr_line' id='line_1_87' title="bbox 1121 1031 1863 1080; baseline 0.015 -16"><span class='ocrx_word' id='word_1_514' title='bbox 1121 1031 1195 1065; x_wconf 87' lang='lat' dir='ltr'><strong>citer</strong></span> <span class='ocrx_word' id='word_1_515' title='bbox 1212 1045 1268 1079; x_wconf 90' lang='lat' dir='ltr'><strong>pro</strong></span> <span class='ocrx_word' id='word_1_516' title='bbox 1281 1034 1343 1080; x_wconf 78' lang='lat' dir='ltr'><strong>ipso</strong></span> <span class='ocrx_word' id='word_1_517' title='bbox 1362 1035 1485 1070; x_wconf 81' lang='lat' dir='ltr'><strong>denario</strong></span> <span class='ocrx_word' id='word_1_518' title='bbox 1504 1063 1514 1079; x_wconf 86' lang='lat'>‚</span> <span class='ocrx_word' id='word_1_519' title='bbox 1550 1039 1701 1074; x_wconf 88' lang='lat' dir='ltr'><strong>interdum</strong></span> <span class='ocrx_word' id='word_1_520' title='bbox 1712 1040 1749 1073; x_wconf 85' lang='lat' dir='ltr'><strong>ad</strong></span> <span class='ocrx_word' id='word_1_521' title='bbox 1762 1040 1863 1075; x_wconf 86' lang='lat' dir='ltr'><strong>distin-</strong></span> 
     </span>
     <span class='ocr_line' id='line_1_88' title="bbox 1120 1081 1862 1134; baseline 0.012 -20"><span class='ocrx_word' id='word_1_522' title='bbox 1120 1081 1276 1126; x_wconf 81' lang='lat' dir='ltr'><strong>guendam</strong></span> <span class='ocrx_word' id='word_1_523' title='bbox 1293 1094 1449 1118; x_wconf 87' lang='lat' dir='ltr'><strong>monetam</strong></span> <span class='ocrx_word' id='word_1_524' title='bbox 1469 1086 1634 1133; x_wconf 73' lang='lat' dir='ltr'><strong>probam,a</strong></span> <span class='ocrx_word' id='word_1_525' title='bbox 1651 1089 1778 1134; x_wconf 77' lang='lat' dir='ltr'><strong>reproba</strong></span> <span class='ocrx_word' id='word_1_526' title='bbox 1796 1102 1806 1131; x_wconf 78' lang='lat'>3</span> <span class='ocrx_word' id='word_1_527' title='bbox 1830 1094 1862 1123; x_wconf 65' lang='grc' dir='ltr'><strong>ὃς</strong></span> 
     </span>
     <span class='ocr_line' id='line_1_89' title="bbox 1121 1131 1861 1181; baseline 0.012 -19"><span class='ocrx_word' id='word_1_528' title='bbox 1121 1140 1177 1173; x_wconf 87' lang='lat' dir='ltr'><strong>pro</strong></span> <span class='ocrx_word' id='word_1_529' title='bbox 1189 1143 1318 1165; x_wconf 88' lang='lat' dir='ltr'><strong>nummo</strong></span> <span class='ocrx_word' id='word_1_530' title='bbox 1330 1131 1419 1178; x_wconf 87' lang='lat' dir='ltr'><strong>legali</strong></span> <span class='ocrx_word' id='word_1_531' title='bbox 1432 1133 1463 1167; x_wconf 87' lang='lat' dir='ltr'><strong>in</strong></span> <span class='ocrx_word' id='word_1_532' title='bbox 1480 1146 1599 1180; x_wconf 89' lang='lat' dir='ltr'><strong>genere.</strong></span> <span class='ocrx_word' id='word_1_533' title='bbox 1619 1137 1781 1171; x_wconf 80' lang='lat' dir='ltr'><strong>Ordinatio</strong></span> <span class='ocrx_word' id='word_1_534' title='bbox 1794 1138 1861 1181; x_wconf 83' lang='lat' dir='ltr'><strong>Joh.</strong></span> 
     </span>
     <span class='ocr_line' id='line_1_90' title="bbox 1120 1177 1861 1230; baseline 0.012 -20"><span class='ocrx_word' id='word_1_535' title='bbox 1120 1177 1200 1223; x_wconf 84' lang='lat' dir='ltr'><strong>Reg.</strong></span> <span class='ocrx_word' id='word_1_536' title='bbox 1213 1179 1240 1212; x_wconf 93' lang='lat' dir='ltr'>F</span> <span class='ocrx_word' id='word_1_537' title='bbox 1240 1192 1320 1213; x_wconf 84' lang='lat' dir='ltr'><strong>rane.</strong></span> <span class='ocrx_word' id='word_1_538' title='bbox 1329 1183 1360 1213; x_wconf 86' lang='lat'>&amp;</span> <span class='ocrx_word' id='word_1_539' title='bbox 1370 1181 1466 1216; x_wconf 90' lang='lat' dir='ltr'><strong>Henr.</strong></span> <span class='ocrx_word' id='word_1_540' title='bbox 1482 1184 1518 1216; x_wconf 89' lang='grc' dir='ltr'><strong>ΙΙ.</strong></span> <span class='ocrx_word' id='word_1_541' title='bbox 1532 1185 1703 1230; x_wconf 81' lang='lat' dir='ltr'><strong>R.A11gliae‚</strong></span> <span class='ocrx_word' id='word_1_542' title='bbox 1716 1186 1745 1219; x_wconf 88' lang='lat' dir='ltr'><strong>in</strong></span> <span class='ocrx_word' id='word_1_543' title='bbox 1758 1185 1861 1219; x_wconf 78' lang='lat' dir='ltr'><strong>subfid.</strong></span> 
     </span>
     <span class='ocr_line' id='line_1_91' title="bbox 1120 1223 1861 1280; baseline 0.015 -22"><span class='ocrx_word' id='word_1_544' title='bbox 1120 1223 1316 1261; x_wconf 70' lang='lat' dir='ltr'><strong>Ter.San&amp;ae</strong></span> <span class='ocrx_word' id='word_1_545' title='bbox 1329 1230 1388 1262; x_wconf 88' lang='lat' dir='ltr'><strong>An.</strong></span> <span class='ocrx_word' id='word_1_546' title='bbox 1408 1242 1420 1263; x_wconf 94' lang='lat'>1</span> <span class='ocrx_word' id='word_1_547' title='bbox 1435 1242 1447 1262; x_wconf 89' lang='lat'>1</span> <span class='ocrx_word' id='word_1_548' title='bbox 1459 1230 1515 1275; x_wconf 85' lang='lat'><strong>84.</strong></span> <span class='ocrx_word' id='word_1_549' title='bbox 1534 1232 1563 1265; x_wconf 91' lang='lat' dir='ltr'><strong>id</strong></span> <span class='ocrx_word' id='word_1_550' title='bbox 1582 1233 1636 1274; x_wconf 89' lang='lat' dir='ltr'><strong>est,</strong></span> <span class='ocrx_word' id='word_1_551' title='bbox 1658 1234 1737 1267; x_wconf 90' lang='lat' dir='ltr'><strong>Hen.</strong></span> <span class='ocrx_word' id='word_1_552' title='bbox 1751 1235 1787 1268; x_wconf 91' lang='grc' dir='ltr'><strong>Π.</strong></span> <span class='ocrx_word' id='word_1_553' title='bbox 1806 1247 1861 1280; x_wconf 81' lang='lat'><strong>30.</strong></span> 
     </span>
     <span class='ocr_line' id='line_1_92' title="bbox 1119 1278 1861 1329; baseline 0.015 -23"><span class='ocrx_word' id='word_1_554' title='bbox 1119 1278 1151 1305; x_wconf 83' lang='lat' dir='ltr'><strong>In</strong></span> <span class='ocrx_word' id='word_1_555' title='bbox 1160 1286 1233 1308; x_wconf 85' lang='lat' dir='ltr'><strong>terra</strong></span> <span class='ocrx_word' id='word_1_556' title='bbox 1245 1282 1326 1322; x_wconf 78' lang='lat' dir='ltr'><strong>Regis</strong></span> <span class='ocrx_word' id='word_1_557' title='bbox 1338 1280 1444 1323; x_wconf 81' lang='lat' dir='ltr'><strong>Angliae</strong></span> <span class='ocrx_word' id='word_1_558' title='bbox 1456 1281 1601 1320; x_wconf 82' lang='lat' dir='ltr'><strong>cismarina</strong></span> <span class='ocrx_word' id='word_1_559' title='bbox 1615 1290 1648 1315; x_wconf 83' lang='lat'><strong>2.</strong></span> <span class='ocrx_word' id='word_1_560' title='bbox 1660 1285 1718 1316; x_wconf 84' lang='lat' dir='ltr'><strong>den.</strong></span> <span class='ocrx_word' id='word_1_561' title='bbox 1731 1286 1861 1329; x_wconf 40' lang='grc' dir='ltr'><strong>Λιπάρα-</strong></span> 
     </span>
     <span class='ocr_line' id='line_1_93' title="bbox 1119 1326 1860 1378; baseline 0.015 -23"><span class='ocrx_word' id='word_1_562' title='bbox 1119 1327 1202 1364; x_wconf 69' lang='lat' dir='ltr'><strong>verfis</strong></span> <span class='ocrx_word' id='word_1_563' title='bbox 1211 1337 1321 1358; x_wconf 81' lang='lat' dir='ltr'><strong>monetae</strong></span> <span class='ocrx_word' id='word_1_564' title='bbox 1335 1339 1341 1358; x_wconf 77' lang='lat'>1</span> <span class='ocrx_word' id='word_1_565' title='bbox 1360 1326 1395 1360; x_wconf 54' lang='grc' dir='ltr'>ὅ</span> <span class='ocrx_word' id='word_1_566' title='bbox 1409 1333 1439 1360; x_wconf 85' lang='lat' dir='ltr'><strong>in</strong></span> <span class='ocrx_word' id='word_1_567' title='bbox 1452 1333 1553 1374; x_wconf 81' lang='lat' dir='ltr'><strong>Anglia</strong></span> <span class='ocrx_word' id='word_1_568' title='bbox 1571 1344 1638 1363; x_wconf 83' lang='lat' dir='ltr'><strong>unus</strong></span> <span class='ocrx_word' id='word_1_569' title='bbox 1646 1334 1860 1378; x_wconf 82' lang='lat' dir='ltr'><strong>sterlingusper-</strong></span> 
     </span>
     <span class='ocr_line' id='line_1_94' title="bbox 1110 1374 1858 1423; baseline 0.015 -19"><span class='ocrx_word' id='word_1_570' title='bbox 1110 1374 1233 1423; x_wconf 22' lang='lat' dir='ltr'><strong>ffiklvetur</strong></span> <span class='ocrx_word' id='word_1_571' title='bbox 1245 1375 1325 1419; x_wconf 68' lang='lat' dir='ltr'><strong>usque</strong></span> <span class='ocrx_word' id='word_1_572' title='bbox 1338 1380 1374 1407; x_wconf 81' lang='lat' dir='ltr'><strong>ad</strong></span> <span class='ocrx_word' id='word_1_573' title='bbox 1380 1379 1540 1420; x_wconf 73' lang='lat' dir='ltr'><strong>praecliHum</strong></span> <span class='ocrx_word' id='word_1_574' title='bbox 1557 1385 1713 1421; x_wconf 76' lang='lat' dir='ltr'><strong>terminum,</strong></span> <span class='ocrx_word' id='word_1_575' title='bbox 1729 1381 1790 1414; x_wconf 84' lang='lat' dir='ltr'><strong>viz.</strong></span> <span class='ocrx_word' id='word_1_576' title='bbox 1805 1394 1818 1415; x_wconf 94' lang='lat'>1</span> <span class='ocrx_word' id='word_1_577' title='bbox 1827 1395 1858 1415; x_wconf 82' lang='grc' dir='ltr'><strong>ο.</strong></span> 
     </span>
     <span class='ocr_line' id='line_1_95' title="bbox 1119 1423 1858 1474; baseline 0.012 -20"><span class='ocrx_word' id='word_1_578' title='bbox 1119 1431 1268 1455; x_wconf 86' lang='lat' dir='ltr'><strong>annorum</strong></span> <span class='ocrx_word' id='word_1_579' title='bbox 1287 1423 1367 1456; x_wconf 91' lang='lat' dir='ltr'><strong>Mat.</strong></span> <span class='ocrx_word' id='word_1_580' title='bbox 1380 1425 1466 1469; x_wconf 75' lang='lat' dir='ltr'><strong>paris</strong></span> <span class='ocrx_word' id='word_1_581' title='bbox 1477 1426 1506 1459; x_wconf 90' lang='lat' dir='ltr'><strong>in</strong></span> <span class='ocrx_word' id='word_1_582' title='bbox 1520 1430 1579 1461; x_wconf 86' lang='lat' dir='ltr'><strong>An.</strong></span> <span class='ocrx_word' id='word_1_583' title='bbox 1603 1440 1616 1461; x_wconf 89' lang='lat'>1</span> <span class='ocrx_word' id='word_1_584' title='bbox 1627 1441 1710 1474; x_wconf 84' lang='lat'><strong>250.</strong></span> <span class='ocrx_word' id='word_1_585' title='bbox 1728 1434 1797 1462; x_wconf 76' lang='lat' dir='ltr'><strong>Erat</strong></span> <span class='ocrx_word' id='word_1_586' title='bbox 1810 1445 1858 1464; x_wconf 86' lang='lat' dir='ltr'><strong>au-</strong></span> 
     </span>
     <span class='ocr_line' id='line_1_96' title="bbox 1118 1472 1858 1518; baseline 0.014 -16"><span class='ocrx_word' id='word_1_587' title='bbox 1118 1482 1174 1504; x_wconf 86' lang='lat' dir='ltr'><strong>tem</strong></span> <span class='ocrx_word' id='word_1_588' title='bbox 1195 1477 1314 1516; x_wconf 78' lang='lat' dir='ltr'><strong>pecuniae</strong></span> <span class='ocrx_word' id='word_1_589' title='bbox 1337 1472 1420 1513; x_wconf 51' lang='lat' dir='ltr'><strong>missae</strong></span> <span class='ocrx_word' id='word_1_590' title='bbox 1433 1481 1573 1518; x_wconf 75' lang='lat' dir='ltr'><strong>quantitas</strong></span> <span class='ocrx_word' id='word_1_591' title='bbox 1590 1487 1669 1509; x_wconf 80' lang='lat' dir='ltr'><strong>tanta</strong></span> <span class='ocrx_word' id='word_1_592' title='bbox 1694 1480 1726 1509; x_wconf 78' lang='lat' dir='ltr'><strong>cle</strong></span> <span class='ocrx_word' id='word_1_593' title='bbox 1743 1492 1806 1511; x_wconf 68' lang='lat' dir='ltr'><strong>auro</strong></span> <span class='ocrx_word' id='word_1_594' title='bbox 1823 1477 1858 1512; x_wconf 81' lang='lat'><em>&amp;</em></span> 
     </span>
     <span class='ocr_line' id='line_1_97' title="bbox 1118 1522 1858 1570; baseline 0.011 -18"><span class='ocrx_word' id='word_1_595' title='bbox 1118 1531 1246 1565; x_wconf 83' lang='lat' dir='ltr'><strong>argento:</strong></span> <span class='ocrx_word' id='word_1_596' title='bbox 1269 1522 1307 1560; x_wconf 76' lang='lat' dir='ltr'><strong>ft.</strong></span> <span class='ocrx_word' id='word_1_597' title='bbox 1324 1524 1493 1556; x_wconf 78' lang='lat' dir='ltr'><strong>Talentorum</strong></span> <span class='ocrx_word' id='word_1_598' title='bbox 1518 1523 1553 1559; x_wconf 84' lang='lat'><em>&amp;</em></span> <span class='ocrx_word' id='word_1_599' title='bbox 1588 1529 1797 1570; x_wconf 55' lang='lat' dir='ltr'><strong>Sta-lingnam,</strong></span> <span class='ocrx_word' id='word_1_600' title='bbox 1822 1528 1858 1562; x_wconf 58' lang='grc' dir='ltr'>ὅ</span> 
     </span>
     <span class='ocr_line' id='line_1_98' title="bbox 1119 1571 1856 1620; baseline 0.011 -20"><span class='ocrx_word' id='word_1_601' title='bbox 1119 1572 1307 1610; x_wconf 84' lang='lat' dir='ltr'><strong>Colonienfium</strong></span> <span class='ocrx_word' id='word_1_602' title='bbox 1325 1571 1470 1613; x_wconf 75' lang='lat' dir='ltr'><strong>approbatae</strong></span> <span class='ocrx_word' id='word_1_603' title='bbox 1500 1585 1609 1606; x_wconf 72' lang='lat' dir='ltr'><strong>monetae</strong></span> <span class='ocrx_word' id='word_1_604' title='bbox 1624 1599 1634 1615; x_wconf 87' lang='lat'><strong>,</strong></span> <span class='ocrx_word' id='word_1_605' title='bbox 1657 1574 1691 1606; x_wconf 56' lang='grc' dir='ltr'>ὅ</span> <span class='ocrx_word' id='word_1_606' title='bbox 1704 1588 1754 1607; x_wconf 84' lang='lat' dir='ltr'><strong>non</strong></span> <span class='ocrx_word' id='word_1_607' title='bbox 1771 1587 1856 1620; x_wconf 81' lang='lat' dir='ltr'><strong>repro-</strong></span> 
     </span>
     <span class='ocr_line' id='line_1_99' title="bbox 1118 1618 1857 1666; baseline 0.009 -16"><span class='ocrx_word' id='word_1_608' title='bbox 1118 1618 1203 1650; x_wconf 78' lang='lat' dir='ltr'><strong>batae:</strong></span> <span class='ocrx_word' id='word_1_609' title='bbox 1223 1619 1358 1658; x_wconf 81' lang='lat' dir='ltr'><strong>videlicet,</strong></span> <span class='ocrx_word' id='word_1_610' title='bbox 1369 1631 1419 1650; x_wconf 84' lang='lat' dir='ltr'><strong>non</strong></span> <span class='ocrx_word' id='word_1_611' title='bbox 1427 1623 1610 1662; x_wconf 74' lang='lat' dir='ltr'><strong>Parfieufium</strong></span> <span class='ocrx_word' id='word_1_612' title='bbox 1622 1648 1631 1663; x_wconf 92' lang='lat'><strong>,</strong></span> <span class='ocrx_word' id='word_1_613' title='bbox 1648 1626 1692 1655; x_wconf 59' lang='lat' dir='ltr'><strong>vel</strong></span> <span class='ocrx_word' id='word_1_614' title='bbox 1706 1628 1857 1666; x_wconf 74' lang='lat' dir='ltr'><strong>&#39;furonensi-</strong></span> 
     </span>
     <span class='ocr_line' id='line_1_100' title="bbox 1117 1666 1856 1716; baseline 0.008 -17"><span class='ocrx_word' id='word_1_615' title='bbox 1117 1680 1163 1699; x_wconf 91' lang='lat' dir='ltr'><strong>um</strong></span> <span class='ocrx_word' id='word_1_616' title='bbox 1181 1669 1356 1699; x_wconf 78' lang='lat' dir='ltr'><strong>denariorum.</strong></span> <span class='ocrx_word' id='word_1_617' title='bbox 1381 1666 1422 1699; x_wconf 85' lang='lat' dir='ltr'><strong>Et</strong></span> <span class='ocrx_word' id='word_1_618' title='bbox 1441 1667 1471 1700; x_wconf 89' lang='lat' dir='ltr'><strong>in</strong></span> <span class='ocrx_word' id='word_1_619' title='bbox 1490 1670 1547 1702; x_wconf 88' lang='lat' dir='ltr'><strong>An.</strong></span> <span class='ocrx_word' id='word_1_620' title='bbox 1571 1682 1583 1703; x_wconf 91' lang='lat'>1</span> <span class='ocrx_word' id='word_1_621' title='bbox 1594 1683 1676 1716; x_wconf 80' lang='lat'><strong>235.</strong></span> <span class='ocrx_word' id='word_1_622' title='bbox 1694 1678 1809 1705; x_wconf 82' lang='lat' dir='ltr'><strong>Centum</strong></span> <span class='ocrx_word' id='word_1_623' title='bbox 1821 1671 1856 1706; x_wconf 86' lang='lat'><em>&amp;</em></span> 
     </span>
     <span class='ocr_line' id='line_1_101' title="bbox 1118 1715 1857 1766; baseline 0.012 -21"><span class='ocrx_word' id='word_1_624' title='bbox 1118 1727 1229 1759; x_wconf 82' lang='lat' dir='ltr'><strong>quatuor</strong></span> <span class='ocrx_word' id='word_1_625' title='bbox 1252 1728 1355 1747; x_wconf 77' lang='lat' dir='ltr'><strong>marcas</strong></span> <span class='ocrx_word' id='word_1_626' title='bbox 1373 1715 1495 1749; x_wconf 84' lang='lat' dir='ltr'><strong>bonorum</strong></span> <span class='ocrx_word' id='word_1_627' title='bbox 1513 1716 1547 1750; x_wconf 51' lang='grc' dir='ltr'><strong>ἐξ</strong></span> <span class='ocrx_word' id='word_1_628' title='bbox 1566 1721 1691 1762; x_wconf 82' lang='lat' dir='ltr'><strong>legalium</strong></span> <span class='ocrx_word' id='word_1_629' title='bbox 1708 1723 1857 1766; x_wconf 76' lang='lat' dir='ltr'><strong>esterlingo-</strong></span> 
     </span>
     <span class='ocr_line' id='line_1_102' title="bbox 1117 1763 1856 1813; baseline 0.014 -19"><span class='ocrx_word' id='word_1_630' title='bbox 1117 1776 1190 1803; x_wconf 83' lang='lat' dir='ltr'><strong>rum,</strong></span> <span class='ocrx_word' id='word_1_631' title='bbox 1206 1764 1334 1795; x_wconf 74' lang='lat' dir='ltr'><strong>tredecim</strong></span> <span class='ocrx_word' id='word_1_632' title='bbox 1341 1763 1436 1802; x_wconf 67' lang='lat' dir='ltr'><strong>stilidis</strong></span> <span class='ocrx_word' id='word_1_633' title='bbox 1448 1764 1482 1799; x_wconf 56' lang='grc' dir='ltr'>ὅ</span> <span class='ocrx_word' id='word_1_634' title='bbox 1495 1775 1522 1810; x_wconf 91' lang='lat'>4</span> <span class='ocrx_word' id='word_1_635' title='bbox 1538 1768 1685 1813; x_wconf 67' lang='lat' dir='ltr'><strong>esici-lingis</strong></span> <span class='ocrx_word' id='word_1_636' title='bbox 1700 1780 1752 1813; x_wconf 83' lang='lat' dir='ltr'><strong>pro</strong></span> <span class='ocrx_word' id='word_1_637' title='bbox 1763 1784 1856 1804; x_wconf 77' lang='lat' dir='ltr'><strong>marca</strong></span> 
     </span>
     <span class='ocr_line' id='line_1_103' title="bbox 1118 1811 1413 1856; baseline 0.007 -13"><span class='ocrx_word' id='word_1_638' title='bbox 1118 1811 1238 1856; x_wconf 79' lang='lat' dir='ltr'><strong>qualibet</strong></span> <span class='ocrx_word' id='word_1_639' title='bbox 1248 1817 1413 1856; x_wconf 81' lang='lat' dir='ltr'><strong>computatis.</strong></span> 
     </span>
    </p>

    <p class='ocr_par' dir='ltr' id='par_1_21' title="bbox 1117 1860 1861 2688">
     <span class='ocr_line' id='line_1_104' title="bbox 1167 1860 1857 1914; baseline 0.014 -22"><span class='ocrx_word' id='word_1_640' title='bbox 1167 1861 1216 1893; x_wconf 87' lang='lat' dir='ltr'><strong>De</strong></span> <span class='ocrx_word' id='word_1_641' title='bbox 1243 1860 1359 1893; x_wconf 85' lang='lat' dir='ltr'><strong>ratione</strong></span> <span class='ocrx_word' id='word_1_642' title='bbox 1388 1862 1539 1905; x_wconf 84' lang='lat' dir='ltr'><strong>vocabuli,</strong></span> <span class='ocrx_word' id='word_1_643' title='bbox 1555 1867 1588 1898; x_wconf 68' lang='grc' dir='ltr'><strong>ὃς</strong></span> <span class='ocrx_word' id='word_1_644' title='bbox 1614 1864 1652 1898; x_wconf 88' lang='lat' dir='ltr'><strong>de</strong></span> <span class='ocrx_word' id='word_1_645' title='bbox 1668 1866 1857 1914; x_wconf 77' lang='lat' dir='ltr'><strong>antiquitate,</strong></span> 
     </span>
     <span class='ocr_line' id='line_1_105' title="bbox 1118 1909 1858 1959; baseline 0.012 -17"><span class='ocrx_word' id='word_1_646' title='bbox 1118 1921 1225 1955; x_wconf 84' lang='lat' dir='ltr'><strong>anceps</strong></span> <span class='ocrx_word' id='word_1_647' title='bbox 1234 1909 1344 1954; x_wconf 88' lang='lat' dir='ltr'><strong>opiniO.</strong></span> <span class='ocrx_word' id='word_1_648' title='bbox 1363 1909 1502 1950; x_wconf 81' lang='lat' dir='ltr'><strong>Quidam</strong></span> <span class='ocrx_word' id='word_1_649' title='bbox 1521 1913 1598 1947; x_wconf 86' lang='lat' dir='ltr'><strong>inter</strong></span> <span class='ocrx_word' id='word_1_650' title='bbox 1607 1914 1714 1959; x_wconf 78' lang='lat' dir='ltr'><strong>priscos</strong></span> <span class='ocrx_word' id='word_1_651' title='bbox 1725 1916 1858 1950; x_wconf 79' lang='lat' dir='ltr'><strong>Saxones</strong></span> 
     </span>
     <span class='ocr_line' id='line_1_106' title="bbox 1118 1956 1858 2010; baseline 0.012 -20"><span class='ocrx_word' id='word_1_652' title='bbox 1118 1956 1246 1998; x_wconf 83' lang='lat' dir='ltr'><strong>nostros,</strong></span> <span class='ocrx_word' id='word_1_653' title='bbox 1261 1957 1412 2004; x_wconf 83' lang='lat' dir='ltr'><strong>originem</strong></span> <span class='ocrx_word' id='word_1_654' title='bbox 1426 1971 1543 2005; x_wconf 78' lang='lat' dir='ltr'><strong>ponunt</strong></span> <span class='ocrx_word' id='word_1_655' title='bbox 1556 1975 1562 1994; x_wconf 91' lang='lat'><strong>:</strong></span> <span class='ocrx_word' id='word_1_656' title='bbox 1599 1963 1723 2008; x_wconf 79' lang='lat' dir='ltr'><strong>quidam</strong></span> <span class='ocrx_word' id='word_1_657' title='bbox 1741 1964 1793 1998; x_wconf 88' lang='lat' dir='ltr'><strong>sub</strong></span> <span class='ocrx_word' id='word_1_658' title='bbox 1807 1962 1858 2010; x_wconf 90' lang='lat' dir='ltr'><strong>Jo-</strong></span> 
     </span>
     <span class='ocr_line' id='line_1_107' title="bbox 1118 2006 1858 2056; baseline 0.011 -17"><span class='ocrx_word' id='word_1_659' title='bbox 1118 2006 1218 2040; x_wconf 83' lang='lat' dir='ltr'><strong>hanne</strong></span> <span class='ocrx_word' id='word_1_660' title='bbox 1235 2007 1324 2051; x_wconf 84' lang='lat' dir='ltr'><strong>Rege</strong></span> <span class='ocrx_word' id='word_1_661' title='bbox 1338 2019 1348 2048; x_wconf 80' lang='lat'>3</span> <span class='ocrx_word' id='word_1_662' title='bbox 1371 2007 1529 2052; x_wconf 76' lang='lat' dir='ltr'><strong>perpeer</strong></span> <span class='ocrx_word' id='word_1_663' title='bbox 1543 2011 1663 2056; x_wconf 88' lang='lat' dir='ltr'><strong>utrique</strong></span> <span class='ocrx_word' id='word_1_664' title='bbox 1677 2011 1699 2045; x_wconf 90' lang='lat' dir='ltr'><strong>si</strong></span> <span class='ocrx_word' id='word_1_665' title='bbox 1711 2012 1794 2046; x_wconf 61' lang='lat' dir='ltr'><strong>recte</strong></span> <span class='ocrx_word' id='word_1_666' title='bbox 1802 2014 1858 2047; x_wconf 86' lang='lat' dir='ltr'><strong>ari-</strong></span> 
     </span>
     <span class='ocr_line' id='line_1_108' title="bbox 1118 2053 1861 2107; baseline 0.012 -20"><span class='ocrx_word' id='word_1_667' title='bbox 1118 2054 1191 2088; x_wconf 81' lang='lat' dir='ltr'><strong>olar.</strong></span> <span class='ocrx_word' id='word_1_668' title='bbox 1229 2053 1321 2100; x_wconf 89' lang='lat' dir='ltr'><strong>Apud</strong></span> <span class='ocrx_word' id='word_1_669' title='bbox 1332 2055 1466 2089; x_wconf 80' lang='lat' dir='ltr'><strong>Saxones</strong></span> <span class='ocrx_word' id='word_1_670' title='bbox 1480 2058 1561 2091; x_wconf 85' lang='lat' dir='ltr'><strong>enim</strong></span> <span class='ocrx_word' id='word_1_671' title='bbox 1574 2059 1720 2106; x_wconf 59' lang='lat' dir='ltr'><strong>nuiliuam</strong></span> <span class='ocrx_word' id='word_1_672' title='bbox 1733 2062 1861 2107; x_wconf 78' lang='lat' dir='ltr'><strong>reperio,</strong></span> 
     </span>
     <span class='ocr_line' id='line_1_109' title="bbox 1118 2102 1860 2150; baseline 0.013 -15"><span class='ocrx_word' id='word_1_673' title='bbox 1118 2106 1150 2136; x_wconf 72' lang='grc' dir='ltr'><strong>ὃ(</strong></span> <span class='ocrx_word' id='word_1_674' title='bbox 1171 2102 1308 2148; x_wconf 85' lang='lat' dir='ltr'><strong>Johanne</strong></span> <span class='ocrx_word' id='word_1_675' title='bbox 1321 2104 1470 2150; x_wconf 78' lang='lat' dir='ltr'><strong>antiquius</strong></span> <span class='ocrx_word' id='word_1_676' title='bbox 1488 2105 1546 2139; x_wconf 84' lang='lat' dir='ltr'><strong>effe</strong></span> <span class='ocrx_word' id='word_1_677' title='bbox 1576 2108 1688 2143; x_wconf 86' lang='lat' dir='ltr'><strong>evincit</strong></span> <span class='ocrx_word' id='word_1_678' title='bbox 1703 2110 1792 2143; x_wconf 82' lang='lat' dir='ltr'><strong>citata</strong></span> <span class='ocrx_word' id='word_1_679' title='bbox 1800 2112 1860 2145; x_wconf 72' lang='lat' dir='ltr'><strong>Or‘-</strong></span> 
     </span>
     <span class='ocr_line' id='line_1_110' title="bbox 1118 2150 1860 2193; baseline 0.012 -9"><span class='ocrx_word' id='word_1_680' title='bbox 1118 2150 1240 2185; x_wconf 84' lang='lat' dir='ltr'><strong>dinatio.</strong></span> <span class='ocrx_word' id='word_1_681' title='bbox 1270 2153 1413 2186; x_wconf 84' lang='lat' dir='ltr'><strong>Occurrit</strong></span> <span class='ocrx_word' id='word_1_682' title='bbox 1430 2155 1505 2188; x_wconf 78' lang='lat' dir='ltr'><strong>mihi</strong></span> <span class='ocrx_word' id='word_1_683' title='bbox 1524 2159 1556 2189; x_wconf 85' lang='lat'>&amp;</span> <span class='ocrx_word' id='word_1_684' title='bbox 1574 2156 1626 2189; x_wconf 78' lang='lat' dir='ltr'><strong>fiib</strong></span> <span class='ocrx_word' id='word_1_685' title='bbox 1644 2158 1801 2193; x_wconf 87' lang='lat' dir='ltr'><strong>Gulielmo</strong></span> <span class='ocrx_word' id='word_1_686' title='bbox 1818 2159 1860 2193; x_wconf 75' lang='lat' dir='ltr'><strong>ie-</strong></span> 
     </span>
     <span class='ocr_line' id='line_1_111' title="bbox 1117 2200 1816 2247; baseline 0.01 -14"><span class='ocrx_word' id='word_1_687' title='bbox 1117 2200 1194 2234; x_wconf 89' lang='lat' dir='ltr'><strong>nioi·i</strong></span> <span class='ocrx_word' id='word_1_688' title='bbox 1213 2201 1330 2234; x_wconf 86' lang='lat' dir='ltr'><strong>nummi</strong></span> <span class='ocrx_word' id='word_1_689' title='bbox 1331 2205 1475 2244; x_wconf 81' lang='lat' dir='ltr'><strong>sterilenfis</strong></span> <span class='ocrx_word' id='word_1_690' title='bbox 1493 2205 1619 2246; x_wconf 85' lang='lat' dir='ltr'><strong>mentiO,</strong></span> <span class='ocrx_word' id='word_1_691' title='bbox 1641 2205 1701 2239; x_wconf 90' lang='lat' dir='ltr'><strong>huc</strong></span> <span class='ocrx_word' id='word_1_692' title='bbox 1712 2208 1755 2247; x_wconf 86' lang='lat' dir='ltr'><strong>(ni</strong></span> <span class='ocrx_word' id='word_1_693' title='bbox 1768 2208 1816 2241; x_wconf 88' lang='lat' dir='ltr'><strong>val</strong></span> 
     </span>
     <span class='ocr_line' id='line_1_112' title="bbox 1117 2246 1856 2296; baseline 0.014 -15"><span class='ocrx_word' id='word_1_694' title='bbox 1117 2246 1216 2291; x_wconf 68' lang='lat' dir='ltr'><strong>fallar)</strong></span> <span class='ocrx_word' id='word_1_695' title='bbox 1233 2250 1390 2295; x_wconf 82' lang='lat' dir='ltr'><strong>pertinens.</strong></span> <span class='ocrx_word' id='word_1_696' title='bbox 1411 2250 1558 2286; x_wconf 90' lang='lat' dir='ltr'><strong>Odericus</strong></span> <span class='ocrx_word' id='word_1_697' title='bbox 1580 2253 1617 2286; x_wconf 86' lang='lat' dir='ltr'><strong>al.</strong></span> <span class='ocrx_word' id='word_1_698' title='bbox 1634 2255 1744 2289; x_wconf 82' lang='lat' dir='ltr'><strong>Vitalis</strong></span> <span class='ocrx_word' id='word_1_699' title='bbox 1756 2281 1766 2296; x_wconf 95' lang='lat'><strong>,</strong></span> <span class='ocrx_word' id='word_1_700' title='bbox 1789 2257 1856 2291; x_wconf 82' lang='lat' dir='ltr'><strong>Uti-</strong></span> 
     </span>
     <span class='ocr_line' id='line_1_113' title="bbox 1117 2295 1855 2350; baseline 0.015 -21"><span class='ocrx_word' id='word_1_701' title='bbox 1117 2295 1208 2330; x_wconf 81' lang='lat' dir='ltr'><strong>censis</strong></span> <span class='ocrx_word' id='word_1_702' title='bbox 1225 2298 1410 2339; x_wconf 82' lang='lat' dir='ltr'><strong>Coe&#39;nobita,</strong></span> <span class='ocrx_word' id='word_1_703' title='bbox 1439 2310 1525 2334; x_wconf 82' lang='lat' dir='ltr'><strong>natus</strong></span> <span class='ocrx_word' id='word_1_704' title='bbox 1543 2303 1602 2336; x_wconf 88' lang='lat' dir='ltr'><strong>An.</strong></span> <span class='ocrx_word' id='word_1_705' title='bbox 1620 2303 1679 2336; x_wconf 93' lang='lat' dir='ltr'><strong>Do.</strong></span> <span class='ocrx_word' id='word_1_706' title='bbox 1698 2316 1709 2337; x_wconf 94' lang='lat'>1</span> <span class='ocrx_word' id='word_1_707' title='bbox 1720 2316 1807 2350; x_wconf 83' lang='lat'><strong>075,</strong></span> <span class='ocrx_word' id='word_1_708' title='bbox 1823 2306 1855 2341; x_wconf 86' lang='lat' dir='ltr'><strong>in</strong></span> 
     </span>
     <span class='ocr_line' id='line_1_114' title="bbox 1118 2344 1852 2398; baseline 0.012 -19"><span class='ocrx_word' id='word_1_709' title='bbox 1118 2344 1197 2379; x_wconf 85' lang='lat' dir='ltr'><strong>Hist.</strong></span> <span class='ocrx_word' id='word_1_710' title='bbox 1215 2347 1294 2383; x_wconf 80' lang='lat' dir='ltr'><strong>Eccl.</strong></span> <span class='ocrx_word' id='word_1_711' title='bbox 1310 2347 1358 2381; x_wconf 87' lang='lat' dir='ltr'><strong>lib.</strong></span> <span class='ocrx_word' id='word_1_712' title='bbox 1384 2360 1413 2393; x_wconf 85' lang='lat'><strong>5.</strong></span> <span class='ocrx_word' id='word_1_713' title='bbox 1426 2348 1478 2382; x_wconf 86' lang='lat' dir='ltr'><strong>sub</strong></span> <span class='ocrx_word' id='word_1_714' title='bbox 1487 2351 1545 2383; x_wconf 91' lang='lat' dir='ltr'><strong>An.</strong></span> <span class='ocrx_word' id='word_1_715' title='bbox 1569 2363 1580 2384; x_wconf 91' lang='lat'>1</span> <span class='ocrx_word' id='word_1_716' title='bbox 1591 2352 1674 2386; x_wconf 88' lang='lat'><em>082.</em></span> <span class='ocrx_word' id='word_1_717' title='bbox 1692 2353 1852 2398; x_wconf 84' lang='lat' dir='ltr'><strong>Rogerum</strong></span> 
     </span>
     <span class='ocr_line' id='line_1_115' title="bbox 1117 2393 1854 2437; baseline 0.012 -10"><span class='ocrx_word' id='word_1_718' title='bbox 1117 2393 1156 2428; x_wconf 86' lang='lat' dir='ltr'><strong>de</strong></span> <span class='ocrx_word' id='word_1_719' title='bbox 1169 2396 1454 2431; x_wconf 86' lang='lat' dir='ltr'><strong>Monte-Gomerici</strong></span> <span class='ocrx_word' id='word_1_720' title='bbox 1471 2397 1501 2430; x_wconf 92' lang='lat' dir='ltr'><strong>in</strong></span> <span class='ocrx_word' id='word_1_721' title='bbox 1520 2396 1696 2434; x_wconf 76' lang='lat' dir='ltr'><strong>fundatione</strong></span> <span class='ocrx_word' id='word_1_722' title='bbox 1719 2402 1854 2437; x_wconf 67' lang='lat' dir='ltr'><strong>Sei-obet:</strong></span> 
     </span>
     <span class='ocr_line' id='line_1_116' title="bbox 1117 2442 1855 2497; baseline 0.008 -17"><span class='ocrx_word' id='word_1_723' title='bbox 1117 2442 1260 2480; x_wconf 81' lang='lat' dir='ltr'><strong>burienfis</strong></span> <span class='ocrx_word' id='word_1_724' title='bbox 1283 2444 1463 2479; x_wconf 85' lang='lat' dir='ltr'><strong>Monasterii</strong></span> <span class='ocrx_word' id='word_1_725' title='bbox 1486 2445 1525 2479; x_wconf 87' lang='lat' dir='ltr'><strong>sic</strong></span> <span class='ocrx_word' id='word_1_726' title='bbox 1538 2446 1556 2480; x_wconf 71' lang='lat' dir='ltr'><strong>a</strong></span> <span class='ocrx_word' id='word_1_727' title='bbox 1574 2449 1706 2495; x_wconf 81' lang='lat' dir='ltr'><strong>quodam</strong></span> <span class='ocrx_word' id='word_1_728' title='bbox 1724 2451 1855 2497; x_wconf 86' lang='lat' dir='ltr'><strong>compel-</strong></span> 
     </span>
     <span class='ocr_line' id='line_1_117' title="bbox 1117 2493 1854 2540; baseline 0.005 -11"><span class='ocrx_word' id='word_1_729' title='bbox 1117 2495 1213 2529; x_wconf 79' lang='lat' dir='ltr'><strong>latum</strong></span> <span class='ocrx_word' id='word_1_730' title='bbox 1222 2493 1321 2529; x_wconf 84' lang='lat' dir='ltr'><strong>refert.</strong></span> <span class='ocrx_word' id='word_1_731' title='bbox 1343 2501 1374 2527; x_wconf 77' lang='lat' dir='ltr'><strong>In</strong></span> <span class='ocrx_word' id='word_1_732' title='bbox 1381 2500 1481 2540; x_wconf 82' lang='lat' dir='ltr'><strong>primis</strong></span> <span class='ocrx_word' id='word_1_733' title='bbox 1493 2498 1694 2532; x_wconf 70' lang='lat' dir='ltr'><strong>advenientibus</strong></span> <span class='ocrx_word' id='word_1_734' title='bbox 1712 2503 1854 2534; x_wconf 77' lang='lat' dir='ltr'><strong>Monachis</strong></span> 
     </span>
     <span class='ocr_line' id='line_1_118' title="bbox 1117 2546 1854 2590; baseline 0.007 -13"><span class='ocrx_word' id='word_1_735' title='bbox 1117 2559 1177 2578; x_wconf 86' lang='lat' dir='ltr'><strong>cum</strong></span> <span class='ocrx_word' id='word_1_736' title='bbox 1186 2550 1346 2578; x_wconf 76' lang='lat' dir='ltr'><strong>cementario</strong></span> <span class='ocrx_word' id='word_1_737' title='bbox 1359 2546 1396 2575; x_wconf 82' lang='lat' dir='ltr'><strong>ad</strong></span> <span class='ocrx_word' id='word_1_738' title='bbox 1404 2546 1561 2586; x_wconf 82' lang='lat' dir='ltr'><strong>jaciendum</strong></span> <span class='ocrx_word' id='word_1_739' title='bbox 1576 2551 1734 2590; x_wconf 82' lang='lat' dir='ltr'><strong>Monasterii</strong></span> <span class='ocrx_word' id='word_1_740' title='bbox 1749 2552 1854 2587; x_wconf 72' lang='lat' dir='ltr'><strong>fitnda-</strong></span> 
     </span>
     <span class='ocr_line' id='line_1_119' title="bbox 1118 2594 1854 2643; baseline 0.005 -16"><span class='ocrx_word' id='word_1_741' title='bbox 1118 2606 1238 2627; x_wconf 82' lang='lat' dir='ltr'><strong>mentum</strong></span> <span class='ocrx_word' id='word_1_742' title='bbox 1254 2607 1264 2638; x_wconf 75' lang='lat'>3</span> <span class='ocrx_word' id='word_1_743' title='bbox 1286 2597 1323 2627; x_wconf 86' lang='lat' dir='ltr'><strong>ad</strong></span> <span class='ocrx_word' id='word_1_744' title='bbox 1340 2594 1531 2626; x_wconf 80' lang='lat' dir='ltr'><strong>inchoationem</strong></span> <span class='ocrx_word' id='word_1_745' title='bbox 1549 2597 1705 2639; x_wconf 68' lang='lat' dir='ltr'><strong>hujusmodi,</strong></span> <span class='ocrx_word' id='word_1_746' title='bbox 1715 2603 1854 2643; x_wconf 72' lang='lat' dir='ltr'><strong>porrigam</strong></span> 
     </span>
     <span class='ocr_line' id='line_1_120' title="bbox 1125 2644 1426 2688; baseline -0.003 -12"><span class='ocrx_word' id='word_1_747' title='bbox 1125 2655 1138 2677; x_wconf 93' lang='lat'>1</span> <span class='ocrx_word' id='word_1_748' title='bbox 1150 2655 1169 2688; x_wconf 83' lang='lat'><em>5</em></span> <span class='ocrx_word' id='word_1_749' title='bbox 1173 2670 1180 2676; x_wconf 88' lang='lat'><strong>.</strong></span> <span class='ocrx_word' id='word_1_750' title='bbox 1189 2644 1236 2676; x_wconf 73' lang='lat' dir='ltr'><strong>lib.</strong></span> <span class='ocrx_word' id='word_1_751' title='bbox 1238 2645 1426 2685; x_wconf 76' lang='lat' dir='ltr'><strong>sterilensium.</strong></span> 
     </span>
    </p>

    <p class='ocr_par' dir='ltr' id='par_1_22' title="bbox 1118 2690 1858 3077">
     <span class='ocr_line' id='line_1_121' title="bbox 1168 2690 1856 2731; baseline 0.004 -6"><span class='ocrx_word' id='word_1_752' title='bbox 1168 2692 1202 2725; x_wconf 93' lang='lat' dir='ltr'><strong>In</strong></span> <span class='ocrx_word' id='word_1_753' title='bbox 1215 2690 1366 2726; x_wconf 78' lang='lat' dir='ltr'><strong>occasione</strong></span> <span class='ocrx_word' id='word_1_754' title='bbox 1378 2690 1518 2731; x_wconf 84' lang='lat' dir='ltr'><strong>nominis,</strong></span> <span class='ocrx_word' id='word_1_755' title='bbox 1541 2692 1707 2727; x_wconf 82' lang='lat' dir='ltr'><strong>Linwodus</strong></span> <span class='ocrx_word' id='word_1_756' title='bbox 1720 2693 1856 2728; x_wconf 86' lang='lat' dir='ltr'><strong>sturnum</strong></span> 
     </span>
     <span class='ocr_line' id='line_1_122' title="bbox 1118 2737 1856 2788; baseline 0.003 -14"><span class='ocrx_word' id='word_1_757' title='bbox 1118 2737 1201 2781; x_wconf 83' lang='lat' dir='ltr'><strong>facit,</strong></span> <span class='ocrx_word' id='word_1_758' title='bbox 1218 2741 1345 2787; x_wconf 74' lang='lat' dir='ltr'><strong>Anglice</strong></span> <span class='ocrx_word' id='word_1_759' title='bbox 1361 2751 1380 2779; x_wconf 72' lang='lat' dir='ltr'><strong>a</strong></span> <span class='ocrx_word' id='word_1_760' title='bbox 1398 2743 1532 2788; x_wconf 57' lang='lat' dir='ltr'><strong>waning</strong></span> <span class='ocrx_word' id='word_1_761' title='bbox 1544 2751 1557 2777; x_wconf 74' lang='lat'>2</span> <span class='ocrx_word' id='word_1_762' title='bbox 1587 2740 1692 2786; x_wconf 53' lang='lat' dir='ltr'><strong>quarta</strong></span> <span class='ocrx_word' id='word_1_763' title='bbox 1708 2754 1768 2776; x_wconf 87' lang='lat' dir='ltr'><strong>una</strong></span> <span class='ocrx_word' id='word_1_764' title='bbox 1791 2741 1804 2785; x_wconf 91' lang='lat'><strong>(</strong></span> <span class='ocrx_word' id='word_1_765' title='bbox 1821 2751 1856 2776; x_wconf 87' lang='lat' dir='ltr'><strong>ut</strong></span> 
     </span>
     <span class='ocr_line' id='line_1_123' title="bbox 1120 2788 1856 2836; baseline 0.001 -13"><span class='ocrx_word' id='word_1_766' title='bbox 1120 2790 1162 2823; x_wconf 89' lang='lat' dir='ltr'><strong>ait</strong></span> <span class='ocrx_word' id='word_1_767' title='bbox 1178 2788 1246 2827; x_wconf 87' lang='lat' dir='ltr'><strong>ille)</strong></span> <span class='ocrx_word' id='word_1_768' title='bbox 1263 2790 1447 2826; x_wconf 76' lang='lat' dir='ltr'><strong>numismatis</strong></span> <span class='ocrx_word' id='word_1_769' title='bbox 1467 2789 1625 2836; x_wconf 81' lang='lat' dir='ltr'><strong>signatum.</strong></span> <span class='ocrx_word' id='word_1_770' title='bbox 1648 2791 1718 2835; x_wconf 86' lang='lat' dir='ltr'><strong>Ego</strong></span> <span class='ocrx_word' id='word_1_771' title='bbox 1730 2800 1856 2824; x_wconf 85' lang='lat' dir='ltr'><strong>centena</strong></span> 
     </span>
     <span class='ocr_line' id='line_1_124' title="bbox 1121 2837 1856 2885; baseline 0.001 -14"><span class='ocrx_word' id='word_1_772' title='bbox 1121 2837 1235 2885; x_wconf 87' lang='lat' dir='ltr'><strong>aliquot</strong></span> <span class='ocrx_word' id='word_1_773' title='bbox 1246 2839 1425 2874; x_wconf 85' lang='lat' dir='ltr'><strong>numismata</strong></span> <span class='ocrx_word' id='word_1_774' title='bbox 1437 2839 1501 2872; x_wconf 86' lang='lat' dir='ltr'><strong>vidi</strong></span> <span class='ocrx_word' id='word_1_775' title='bbox 1520 2840 1644 2885; x_wconf 86' lang='lat' dir='ltr'><strong>Regum</strong></span> <span class='ocrx_word' id='word_1_776' title='bbox 1657 2838 1856 2883; x_wconf 83' lang='lat' dir='ltr'><strong>Angio-Nor-</strong></span> 
     </span>
     <span class='ocr_line' id='line_1_125' title="bbox 1122 2885 1857 2934; baseline 0 -14"><span class='ocrx_word' id='word_1_777' title='bbox 1122 2899 1305 2921; x_wconf 79' lang='lat' dir='ltr'><strong>mannorum</strong></span> <span class='ocrx_word' id='word_1_778' title='bbox 1317 2897 1406 2934; x_wconf 83' lang='lat' dir='ltr'><strong>atque</strong></span> <span class='ocrx_word' id='word_1_779' title='bbox 1419 2889 1573 2922; x_wconf 86' lang='lat' dir='ltr'><strong>Saxonum</strong></span> <span class='ocrx_word' id='word_1_780' title='bbox 1588 2903 1595 2917; x_wconf 89' lang='lat'><strong>.-</strong></span> <span class='ocrx_word' id='word_1_781' title='bbox 1614 2889 1645 2918; x_wconf 82' lang='lat' dir='ltr'><strong>at</strong></span> <span class='ocrx_word' id='word_1_782' title='bbox 1661 2886 1691 2918; x_wconf 90' lang='lat' dir='ltr'><strong>in</strong></span> <span class='ocrx_word' id='word_1_783' title='bbox 1701 2885 1783 2919; x_wconf 86' lang='lat' dir='ltr'><strong>nullo</strong></span> <span class='ocrx_word' id='word_1_784' title='bbox 1791 2887 1857 2933; x_wconf 83' lang='lat' dir='ltr'><strong>qui-</strong></span> 
     </span>
     <span class='ocr_line' id='line_1_126' title="bbox 1122 2932 1858 2980; baseline 0 -12"><span class='ocrx_word' id='word_1_785' title='bbox 1122 2935 1193 2970; x_wconf 88' lang='lat' dir='ltr'><strong>dem</strong></span> <span class='ocrx_word' id='word_1_786' title='bbox 1204 2933 1339 2980; x_wconf 86' lang='lat' dir='ltr'><strong>effigiem</strong></span> <span class='ocrx_word' id='word_1_787' title='bbox 1350 2938 1422 2977; x_wconf 86' lang='lat' dir='ltr'><strong>avis,</strong></span> <span class='ocrx_word' id='word_1_788' title='bbox 1429 2933 1484 2969; x_wconf 81' lang='lat' dir='ltr'><strong>nisi</strong></span> <span class='ocrx_word' id='word_1_789' title='bbox 1493 2935 1522 2967; x_wconf 87' lang='lat' dir='ltr'><strong>in</strong></span> <span class='ocrx_word' id='word_1_790' title='bbox 1532 2933 1685 2967; x_wconf 79' lang='lat' dir='ltr'><strong>Edouardi</strong></span> <span class='ocrx_word' id='word_1_791' title='bbox 1700 2932 1858 2968; x_wconf 90' lang='lat' dir='ltr'><strong>Confesso-</strong></span> 
     </span>
     <span class='ocr_line' id='line_1_127' title="bbox 1123 2981 1858 3029; baseline 0 -12"><span class='ocrx_word' id='word_1_792' title='bbox 1123 2984 1178 3017; x_wconf 87' lang='lat' dir='ltr'><strong>ris:</strong></span> <span class='ocrx_word' id='word_1_793' title='bbox 1196 2983 1249 3016; x_wconf 77' lang='lat' dir='ltr'><strong>ubi</strong></span> <span class='ocrx_word' id='word_1_794' title='bbox 1259 2994 1293 3027; x_wconf 90' lang='lat'><strong>4.</strong></span> <span class='ocrx_word' id='word_1_795' title='bbox 1311 2981 1575 3029; x_wconf 88' lang='lat' dir='ltr'><strong>deprehenduntur</strong></span> <span class='ocrx_word' id='word_1_796' title='bbox 1586 2981 1715 3015; x_wconf 78' lang='lat' dir='ltr'><strong>obversis</strong></span> <span class='ocrx_word' id='word_1_797' title='bbox 1733 2983 1858 3029; x_wconf 81' lang='lat' dir='ltr'><strong>pedibus</strong></span> 
     </span>
     <span class='ocr_line' id='line_1_128' title="bbox 1123 3029 1857 3077; baseline 0.001 -12"><span class='ocrx_word' id='word_1_798' title='bbox 1123 3030 1273 3076; x_wconf 75' lang='lat' dir='ltr'><strong>sigillatim</strong></span> <span class='ocrx_word' id='word_1_799' title='bbox 1287 3030 1394 3064; x_wconf 85' lang='lat' dir='ltr'><strong>stantes</strong></span> <span class='ocrx_word' id='word_1_800' title='bbox 1403 3032 1480 3064; x_wconf 88' lang='lat' dir='ltr'><strong>inter</strong></span> <span class='ocrx_word' id='word_1_801' title='bbox 1491 3029 1624 3074; x_wconf 81' lang='lat' dir='ltr'><strong>4.radios</strong></span> <span class='ocrx_word' id='word_1_802' title='bbox 1633 3031 1725 3064; x_wconf 82' lang='lat' dir='ltr'><strong>crucis</strong></span> <span class='ocrx_word' id='word_1_803' title='bbox 1734 3032 1857 3077; x_wconf 83' lang='lat' dir='ltr'><strong>paralle-</strong></span> 
     </span>
    </p>
   </div>
   <div class='ocr_carea' id='block_1_13' title="bbox 845 251 2099 273">
    <p class='ocr_par' dir='ltr' id='par_1_23' title="bbox 845 251 2099 273">
     <span class='ocr_line' id='line_1_129' title="bbox 845 251 2099 273; baseline 0 3536"><span class='ocrx_word' id='word_1_804' title='bbox 845 251 2099 273; x_wconf 95' lang='lat' dir='ltr'><strong> </strong></span> 
     </span>
    </p>
   </div>
   <div class='ocr_carea' id='block_1_14' title="bbox 1898 304 2007 370">
    <p class='ocr_par' dir='ltr' id='par_1_24' title="bbox 1898 304 2007 370">
     <span class='ocr_line' id='line_1_130' title="bbox 1898 304 2007 370; baseline -0.009 -23"><span class='ocrx_word' id='word_1_805' title='bbox 1898 304 2007 370; x_wconf 63' lang='lat'><strong>2033</strong></span> 
     </span>
    </p>
   </div>
   <div class='ocr_carea' id='block_1_15' title="bbox 1819 2209 2027 2265">
    <p class='ocr_par' dir='ltr' id='par_1_25' title="bbox 1819 2209 2027 2265">
     <span class='ocr_line' id='line_1_131' title="bbox 1819 2209 2027 2265; baseline -0.014 -6"><span class='ocrx_word' id='word_1_806' title='bbox 1819 2209 1857 2243; x_wconf 73' lang='lat' dir='ltr'><strong>de</strong></span> <span class='ocrx_word' id='word_1_807' title='bbox 1875 2231 2027 2265; x_wconf 61' lang='lat' dir='ltr'><strong>sterilensis,</strong></span> 
     </span>
    </p>
   </div>
   <div class='ocr_carea' id='block_1_16' title="bbox 1123 3075 1917 3126">
    <p class='ocr_par' dir='ltr' id='par_1_26' title="bbox 1123 3075 1917 3126">
     <span class='ocr_line' id='line_1_132' title="bbox 1123 3075 1917 3126; baseline 0.008 -16"><span class='ocrx_word' id='word_1_808' title='bbox 1123 3078 1160 3111; x_wconf 80' lang='lat' dir='ltr'><strong>1ae</strong></span> <span class='ocrx_word' id='word_1_809' title='bbox 1174 3092 1180 3110; x_wconf 91' lang='lat'><strong>:</strong></span> <span class='ocrx_word' id='word_1_810' title='bbox 1204 3077 1254 3111; x_wconf 84' lang='lat' dir='ltr'><strong>sed</strong></span> <span class='ocrx_word' id='word_1_811' title='bbox 1261 3078 1302 3110; x_wconf 74' lang='lat' dir='ltr'><strong>‘an</strong></span> <span class='ocrx_word' id='word_1_812' title='bbox 1311 3077 1404 3112; x_wconf 78' lang='lat' dir='ltr'><strong>sturni</strong></span> <span class='ocrx_word' id='word_1_813' title='bbox 1413 3078 1482 3123; x_wconf 88' lang='lat' dir='ltr'><strong>sint,</strong></span> <span class='ocrx_word' id='word_1_814' title='bbox 1490 3078 1538 3112; x_wconf 88' lang='lat' dir='ltr'><strong>vel</strong></span> <span class='ocrx_word' id='word_1_815' title='bbox 1554 3080 1701 3114; x_wconf 66' lang='lat' dir='ltr'><strong>columbae</strong></span> <span class='ocrx_word' id='word_1_816' title='bbox 1713 3080 1821 3126; x_wconf 71' lang='lat' dir='ltr'><strong>potiuS,</strong></span> <span class='ocrx_word' id='word_1_817' title='bbox 1830 3094 1861 3116; x_wconf 87' lang='lat' dir='ltr'><strong>a·</strong></span> <span class='ocrx_word' id='word_1_818' title='bbox 1911 3075 1917 3080; x_wconf 45' lang='lat'><em>⁷</em></span> 
     </span>
    </p>
   </div>
   <div class='ocr_carea' id='block_1_17' title="bbox 1123 3125 1862 3515">
    <p class='ocr_par' dir='ltr' id='par_1_27' title="bbox 1123 3125 1862 3515">
     <span class='ocr_line' id='line_1_133' title="bbox 1123 3125 1859 3176; baseline 0.008 -18"><span class='ocrx_word' id='word_1_819' title='bbox 1123 3125 1226 3159; x_wconf 87' lang='lat' dir='ltr'><strong>liudve</strong></span> <span class='ocrx_word' id='word_1_820' title='bbox 1239 3126 1392 3172; x_wconf 85' lang='lat' dir='ltr'><strong>quidpiam</strong></span> <span class='ocrx_word' id='word_1_821' title='bbox 1403 3126 1622 3174; x_wconf 83' lang='lat' dir='ltr'><strong>significaturae,</strong></span> <span class='ocrx_word' id='word_1_822' title='bbox 1634 3129 1735 3163; x_wconf 82' lang='lat' dir='ltr'><strong>dicant</strong></span> <span class='ocrx_word' id='word_1_823' title='bbox 1746 3130 1799 3176; x_wconf 90' lang='lat' dir='ltr'><strong>qui</strong></span> <span class='ocrx_word' id='word_1_824' title='bbox 1806 3143 1859 3164; x_wconf 89' lang='lat' dir='ltr'><strong>no—</strong></span> 
     </span>
     <span class='ocr_line' id='line_1_134' title="bbox 1124 3174 1859 3223; baseline 0.008 -17"><span class='ocrx_word' id='word_1_825' title='bbox 1124 3183 1202 3207; x_wconf 86' lang='lat' dir='ltr'><strong>runt.</strong></span> <span class='ocrx_word' id='word_1_826' title='bbox 1220 3174 1371 3209; x_wconf 89' lang='lat' dir='ltr'><strong>Scoticum</strong></span> <span class='ocrx_word' id='word_1_827' title='bbox 1388 3177 1499 3223; x_wconf 89' lang='lat' dir='ltr'><strong>vulgus</strong></span> <span class='ocrx_word' id='word_1_828' title='bbox 1523 3180 1535 3217; x_wconf 95' lang='lat'><em>(</em></span> <span class='ocrx_word' id='word_1_829' title='bbox 1550 3187 1584 3210; x_wconf 91' lang='lat' dir='ltr'><strong>ut</strong></span> <span class='ocrx_word' id='word_1_830' title='bbox 1602 3178 1798 3212; x_wconf 84' lang='lat' dir='ltr'><strong>Euchananus</strong></span> <span class='ocrx_word' id='word_1_831' title='bbox 1814 3191 1859 3213; x_wconf 86' lang='lat' dir='ltr'><strong>re-</strong></span> 
     </span>
     <span class='ocr_line' id='line_1_135' title="bbox 1123 3220 1860 3273; baseline 0.009 -18"><span class='ocrx_word' id='word_1_832' title='bbox 1123 3220 1197 3265; x_wconf 85' lang='lat' dir='ltr'><strong>fert)</strong></span> <span class='ocrx_word' id='word_1_833' title='bbox 1209 3220 1227 3256; x_wconf 72' lang='grc' dir='ltr'>ὲ</span> <span class='ocrx_word' id='word_1_834' title='bbox 1244 3222 1362 3258; x_wconf 87' lang='lat' dir='ltr'><strong>castello</strong></span> <span class='ocrx_word' id='word_1_835' title='bbox 1376 3225 1510 3272; x_wconf 86' lang='lat' dir='ltr'><strong>quodam</strong></span> <span class='ocrx_word' id='word_1_836' title='bbox 1522 3225 1607 3271; x_wconf 88' lang='lat' dir='ltr'><strong>hujus</strong></span> <span class='ocrx_word' id='word_1_837' title='bbox 1615 3228 1860 3273; x_wconf 53' lang='lat' dir='ltr'><strong>iiomi11i5‚fsstate</strong></span> 
     </span>
     <span class='ocr_line' id='line_1_136' title="bbox 1125 3272 1860 3325; baseline 0.007 -18"><span class='ocrx_word' id='word_1_838' title='bbox 1125 3272 1174 3309; x_wconf 67' lang='lat' dir='ltr'><strong>lin</strong></span> <span class='ocrx_word' id='word_1_839' title='bbox 1186 3279 1212 3307; x_wconf 90' lang='lat'>&amp;</span> <span class='ocrx_word' id='word_1_840' title='bbox 1225 3274 1418 3320; x_wconf 49' lang='lat' dir='ltr'><strong>§atheling</strong></span> <span class='ocrx_word' id='word_1_841' title='bbox 1434 3273 1518 3308; x_wconf 58' lang='lat' dir='ltr'><strong>dieto</strong></span> <span class='ocrx_word' id='word_1_842' title='bbox 1535 3286 1742 3323; x_wconf 86' lang='lat' dir='ltr'><strong>nuncupatum</strong></span> <span class='ocrx_word' id='word_1_843' title='bbox 1759 3290 1860 3325; x_wconf 86' lang='lat' dir='ltr'><strong>putat:</strong></span> 
     </span>
     <span class='ocr_line' id='line_1_137' title="bbox 1125 3322 1860 3370; baseline 0.007 -16"><span class='ocrx_word' id='word_1_844' title='bbox 1125 3333 1188 3354; x_wconf 90' lang='lat' dir='ltr'><strong>non</strong></span> <span class='ocrx_word' id='word_1_845' title='bbox 1207 3331 1311 3355; x_wconf 88' lang='lat' dir='ltr'><strong>autem</strong></span> <span class='ocrx_word' id='word_1_846' title='bbox 1328 3322 1418 3356; x_wconf 87' lang='lat' dir='ltr'><strong>video</strong></span> <span class='ocrx_word' id='word_1_847' title='bbox 1431 3335 1564 3369; x_wconf 84' lang='lat' dir='ltr'><strong>quonam</strong></span> <span class='ocrx_word' id='word_1_848' title='bbox 1588 3326 1679 3370; x_wconf 72' lang='lat' dir='ltr'><strong>pacto</strong></span> <span class='ocrx_word' id='word_1_849' title='bbox 1698 3325 1750 3360; x_wconf 79' lang='lat' dir='ltr'><strong>fiat</strong></span> <span class='ocrx_word' id='word_1_850' title='bbox 1762 3337 1795 3359; x_wconf 87' lang='lat' dir='ltr'><strong>ut</strong></span> <span class='ocrx_word' id='word_1_851' title='bbox 1807 3339 1860 3359; x_wconf 85' lang='lat' dir='ltr'><strong>iios</strong></span> 
     </span>
     <span class='ocr_line' id='line_1_138' title="bbox 1126 3368 1862 3408; baseline 0.005 -5"><span class='ocrx_word' id='word_1_852' title='bbox 1126 3368 1185 3403; x_wconf 85' lang='lat' dir='ltr'><strong>hoc</strong></span> <span class='ocrx_word' id='word_1_853' title='bbox 1202 3382 1313 3404; x_wconf 88' lang='lat' dir='ltr'><strong>nomen</strong></span> <span class='ocrx_word' id='word_1_854' title='bbox 1344 3369 1361 3405; x_wconf 67' lang='lat' dir='ltr'><strong>a</strong></span> <span class='ocrx_word' id='word_1_855' title='bbox 1391 3370 1509 3406; x_wconf 88' lang='lat' dir='ltr'><strong>castello</strong></span> <span class='ocrx_word' id='word_1_856' title='bbox 1537 3373 1654 3407; x_wconf 85' lang='lat' dir='ltr'><strong>Scotico</strong></span> <span class='ocrx_word' id='word_1_857' title='bbox 1670 3372 1842 3407; x_wconf 84' lang='lat' dir='ltr'><strong>duceremus</strong></span> <span class='ocrx_word' id='word_1_858' title='bbox 1856 3388 1862 3408; x_wconf 84' lang='grc'><strong>;</strong></span> 
     </span>
     <span class='ocr_line' id='line_1_139' title="bbox 1126 3416 1861 3468; baseline 0.005 -17"><span class='ocrx_word' id='word_1_859' title='bbox 1126 3416 1179 3452; x_wconf 86' lang='lat' dir='ltr'><strong>diu</strong></span> <span class='ocrx_word' id='word_1_860' title='bbox 1191 3419 1273 3452; x_wconf 77' lang='lat' dir='ltr'><strong>enim</strong></span> <span class='ocrx_word' id='word_1_861' title='bbox 1282 3418 1420 3454; x_wconf 87' lang='lat' dir='ltr'><strong>auditum</strong></span> <span class='ocrx_word' id='word_1_862' title='bbox 1428 3418 1486 3454; x_wconf 82' lang='lat' dir='ltr'><strong>effe</strong></span> <span class='ocrx_word' id='word_1_863' title='bbox 1494 3421 1632 3455; x_wconf 87' lang='lat' dir='ltr'><strong>existimo</strong></span> <span class='ocrx_word' id='word_1_864' title='bbox 1645 3422 1723 3468; x_wconf 84' lang='lat' dir='ltr'><strong>apud</strong></span> <span class='ocrx_word' id='word_1_865' title='bbox 1734 3422 1861 3467; x_wconf 81' lang='lat' dir='ltr'><strong>Anglos,</strong></span> 
     </span>
     <span class='ocr_line' id='line_1_140' title="bbox 1127 3466 1861 3515; baseline 0.004 -15"><span class='ocrx_word' id='word_1_866' title='bbox 1127 3466 1298 3514; x_wconf 57' lang='lat' dir='ltr'><strong>priustpam</strong></span> <span class='ocrx_word' id='word_1_867' title='bbox 1317 3468 1394 3502; x_wconf 86' lang='lat' dir='ltr'><strong>inter</strong></span> <span class='ocrx_word' id='word_1_868' title='bbox 1412 3467 1514 3503; x_wconf 69' lang='lat' dir='ltr'><strong>Scotos</strong></span> <span class='ocrx_word' id='word_1_869' title='bbox 1535 3468 1861 3515; x_wconf 67' lang='lat' dir='ltr'><strong>dignosciturspnuiffe.</strong></span> 
     </span>
    </p>
   </div>
   <div class='ocr_carea' id='block_1_18' title="bbox 1126 3516 1863 3600">
    <p class='ocr_par' dir='ltr' id='par_1_28' title="bbox 1126 3516 1863 3600">
     <span class='ocr_line' id='line_1_141' title="bbox 1126 3516 1863 3598; baseline 0.001 -47"><span class='ocrx_word' id='word_1_870' title='bbox 1126 3516 1292 3554; x_wconf 76' lang='lat' dir='ltr'><strong>Monetam</strong></span> <span class='ocrx_word' id='word_1_871' title='bbox 1310 3518 1402 3598; x_wconf 60' lang='lat' dir='ltr'><strong>etiarg</strong></span> <span class='ocrx_word' id='word_1_872' title='bbox 1415 3517 1432 3550; x_wconf 76' lang='grc' dir='ltr'>ὲ</span> <span class='ocrx_word' id='word_1_873' title='bbox 1440 3529 1518 3563; x_wconf 86' lang='lat' dir='ltr'><strong>puro</strong></span> <span class='ocrx_word' id='word_1_874' title='bbox 1528 3523 1654 3562; x_wconf 72' lang='lat' dir='ltr'><strong>argento</strong></span> <span class='ocrx_word' id='word_1_875' title='bbox 1663 3517 1863 3564; x_wconf 72' lang='lat' dir='ltr'><strong>antiquiorem</strong></span> 
     </span>
     <span class='ocr_line' id='line_1_142' title="bbox 1334 3566 1863 3600; baseline 0.002 -2"><span class='ocrx_word' id='word_1_876' title='bbox 1334 3566 1366 3600; x_wconf 91' lang='lat' dir='ltr'>D</span> <span class='ocrx_word' id='word_1_877' title='bbox 1424 3577 1445 3598; x_wconf 72' lang='lat'><em>2</em></span> <span class='ocrx_word' id='word_1_878' title='bbox 1786 3568 1863 3600; x_wconf 53' lang='lat' dir='ltr'><strong>mut</strong></span> 
     </span>
    </p>
   </div>
  </div>
 </body>
</html>
