2305 3809
215 248 393 327 *⁷286

951 245 1164 317 Hearici
1201 241 1481 338 spelmanni

223 394 242 421 Ί
253 391 420 419 hcmloriffls-
454 387 647 421 Thedoricus
673 383 850 417 Gothorum
867 387 1019 411 maxumus
1035 372 1191 408 &auden-

223 538 341 566 Carolus
359 539 435 575 Mag-

222 585 283 604 nus.

217 1840 308 1868 Verba
319 1841 409 1870 AEneae

215 1880 307 1916 sylvii.

211 3010 339 3038 Censura.

456 436 541 470 riffim
546 449 577 469 us
589 436 655 468 Rex
669 438 766 465 Heroas
778 428 969 462 inhonoratos
983 422 1114 469 reliquit,
1125 422 1192 470 qui-

458 485 512 517 bus
532 488 561 516 ὃ(
575 481 707 515 civitates
725 482 756 511 ὃς
775 474 942 522 provincias
959 471 1130 526 tributarias
1147 467 1192 503 fe-

456 533 502 565 cit.
515 529 642 564 Carolus
664 538 766 561 autem
783 534 911 570 magnus
926 520 979 567 qui
997 517 1192 573 primuspost

455 582 578 613 (ξι-προς
594 576 674 624 aqud
695 577 849 608 Romanos
880 568 1002 615 suscepit
1018 568 1192 613 imperium,

452 629 624 660 Germanus
659 624 752 657 homo
784 633 821 653 ex
850 617 973 664 antiqua
1003 617 1192 671 Francorum

454 675 587 721 proffipia
610 683 695 706 natus
714 696 723 711 ,
746 668 905 715 postquam
925 667 1057 699 Saxones
1089 664 1192 710 saepius

453 723 623 756 rebellantes
635 719 730 753 multa
745 716 778 750 vi
793 715 922 755 domuit,
945 727 980 747 ac
991 710 1069 747 faces
1082 713 1192 746 Huno-

454 783 522 804 rum
535 767 754 815 Longobardos
764 765 804 800 ab
822 762 1041 798 infestinatione
1058 761 1193 795 Romani

453 818 581 862 praesulis
599 815 754 857 exterruit,
776 814 907 860 suscepto
925 811 1051 846 Caesaris
1068 808 1192 844 nomine

454 872 485 900 ὃς
506 865 658 912 Augustus
688 862 871 911 appellatus,
894 860 1001 894 milites
1017 871 1122 893 omnes
1139 858 1193 904 qui

453 915 527 948 tanti
539 915 648 949 laboris
660 912 784 948 comites
793 909 922 950 fuerant,
935 909 965 942 in
974 907 1055 941 hunc
1064 906 1192 940 modurn

451 964 566 997 honore
584 959 680 996 fertur
708 965 739 996 ὃ(
766 960 899 994 libertate
923 953 1051 991 donaffe.
1076 957 1132 996 Ite,
1149 956 1193 989 in-

452 1012 540 1058 quit,
568 1011 676 1045 milites
706 1010 779 1051 mei,
812 1020 866 1041 vos
883 1012 981 1039 Heroes
998 1003 1193 1045 vocabimini,

454 1061 524 1094 socii
543 1073 651 1107 regum
675 1063 706 1092 δε
733 1056 846 1105 judices
864 1055 1040 1088 criminum.
1084 1053 1192 1086 Vivite

453 1108 691 1154 posthaclaboris
715 1116 861 1152 expertes,
883 1102 1026 1137 consulite
1042 1100 1192 1147 Regibus,

454 1163 485 1190 δε
504 1158 622 1203 publico
651 1156 768 1190 nomini
784 1153 882 1200 turpia
908 1151 1048 1198 corripite
1061 1175 1071 1191 ,
1093 1147 1192 1184 favete

455 1204 598 1247 foeminis,
616 1205 721 1251 juvate
739 1199 1001 1250 pupillos,confilio
1020 1197 1194 1232 circumdate

454 1254 612 1300 principes,
636 1253 674 1287 ab
696 1253 740 1287 his
758 1251 887 1291 vietum,
912 1247 1067 1302 vestitum,
1084 1246 1192 1302 stipen-

453 1302 597 1348 diumque
606 1302 707 1348 petite.
735 1302 765 1334 Si
783 1300 848 1348 quis
862 1297 1029 1343 negaverit,
1050 1295 1194 1351 inglorius

451 1348 626 1397 infamisque
639 1349 710 1384 esto.
757 1350 787 1382 Si
800 1348 865 1394 quis
884 1346 1024 1392 injuriam
1038 1344 1125 1377 vobis
1149 1356 1192 1377 m—

453 1398 563 1439 tulerit,
587 1411 673 1431 reum
701 1398 729 1431 se
752 1395 911 1442 majestatis
929 1394 1078 1440 agnoscat.
1125 1393 1194 1426 Vos

451 1457 553 1480 autem
566 1446 762 1480 caveritisssrne
775 1454 895 1479 tantum
909 1442 999 1477 decus
1013 1452 1192 1489 tantumque

452 1495 643 1539 privilegium
656 1494 736 1540 justo
760 1493 909 1528 bellorum
926 1491 1029 1526 labore
1047 1500 1169 1536 partum
1182 1517 1193 1532 ,

450 1554 503 1576 aut
517 1543 675 1584 ebrietatis,
693 1553 745 1576 aut
762 1541 955 1582 scurrilitatis,
979 1550 1031 1574 aut
1048 1539 1108 1572 alio
1117 1552 1192 1586 quo-

448 1591 492 1624 vis
504 1591 579 1625 vitio
602 1591 762 1625 maculetis.
810 1591 862 1624 Ne
886 1589 968 1635 quod
990 1587 1076 1621 vobis
1100 1587 1193 1633 largi-

449 1652 519 1673 mur
545 1640 583 1673 ad
610 1640 760 1685 gloriam,
783 1637 930 1673 redundet
962 1636 1001 1670 ad
1037 1647 1162 1682 poenam
1180 1662 1191 1678 ,

449 1701 542 1735 quam
554 1688 592 1722 de
609 1688 695 1723 vobis
706 1687 880 1722 sumendam
894 1685 916 1721 fi
932 1684 1055 1720 forfitan
1066 1682 1192 1718 excesse-

449 1737 522 1777 ritis,
545 1737 629 1770 nobis
648 1740 680 1771 &
708 1734 917 1771 successoribus
952 1733 1059 1768 nostris
1076 1734 1191 1767 Roma-

449 1797 560 1819 norum
580 1786 715 1832 Regibus
727 1795 877 1832 perpetuo
891 1783 1085 1817 reservamus.

499 1835 578 1867 Haec
596 1835 662 1868 sunt
673 1847 742 1881 quae
759 1834 797 1867 de
815 1833 939 1868 nomine
961 1831 1189 1866 &institutione

450 1886 623 1916 Heraldorum
637 1896 710 1930 quos
736 1889 831 1917 Heroas
858 1879 942 1927 fuiffe
960 1879 1085 1922 constat,
1107 1879 1189 1926 apud

448 1932 585 1978 antiquos
612 1933 718 1977 scripta
743 1932 951 1977 comperimus.
1002 1930 1069 1963 Cur
1087 1938 1189 1962 autem

449 1979 555 2013 nostris
573 1979 690 2021 dicbus,
711 1982 763 2026 qui
777 1992 935 2025 nunquam
952 1978 1130 2018 militarunt,
1155 1980 1188 2010 &

450 2027 557 2072 abjecti
592 2028 715 2073 quidam
738 2028 874 2061 homines
891 2027 950 2059 hoc
977 2037 1090 2059 nomen
1117 2022 1189 2056 affe-

447 2086 596 2121 quuntur,
618 2076 714 2109 nescio
732 2077 850 2109 caufiim
868 2073 922 2108 nifi
936 2075 1007 2120 quia
1015 2073 1119 2107 omnia
1137 2072 1188 2105 de-

447 2135 605 2168 generant,
628 2138 683 2158 nec
697 2123 739 2158 est
758 2125 917 2158 hominum
932 2135 1028 2169 genus
1039 2120 1122 2168 quod
1131 2120 1187 2155 stet

446 2173 501 2204 iuis
511 2169 633 2218 legibus.
651 2174 736 2207 Nam
750 2177 780 2206 &
792 2172 906 2206 indocti
920 2171 1052 2204 dorstoris
1061 2169 1186 2215 insignia

444 2221 599 2266 recipiunt,
640 2225 670 2254 Ex·
690 2222 743 2266 qui
768 2220 884 2254 nudum
910 2231 1067 2265 nunquam
1085 2218 1186 2252 erilem

444 2268 582 2302 viderunt
593 2295 603 2310 ,
632 2270 771 2303 militiam
804 2267 995 2315 profitentur,
1029 2267 1185 2313 nitentque

442 2317 604 2350 calcaribus
620 2319 735 2352 aureis:
760 2328 850 2364 atque
869 2326 902 2350 ut
915 2316 954 2350 de
976 2314 1077 2349 nostra
1087 2315 1184 2361 digni-

443 2375 504 2398 tate
517 2365 668 2408 dicamus,
685 2367 794 2413 absque
817 2366 951 2400 moribus
962 2391 973 2407 ,
996 2365 1131 2399 sermone
1143 2364 1184 2398 le-

443 2425 494 2445 ves
509 2425 598 2462 atque
616 2416 690 2457 vita,
719 2415 892 2450 cathedram
907 2413 1114 2449 pontificalem
1131 2425 1184 2446 au-

442 2462 546 2495 demus
558 2464 723 2498 ascendere.
761 2466 876 2503 Quaere
911 2463 1080 2510 religiones,
1115 2474 1183 2508 per-

443 2522 530 2543 curre
543 2513 727 2547 mechanicas
744 2523 830 2554 artes,
852 2524 956 2546 omnes
969 2511 1122 2551 oberrant,
1140 2511 1185 2544 ni-

445 2558 486 2590 hil
500 2558 541 2592 est
564 2560 646 2606 quod
665 2561 719 2594 suis
736 2561 849 2608 legibus
868 2561 950 2607 puris
977 2559 1183 2605 inviolatiffiue

445 2609 616 2650 perseveret.
650 2609 728 2642 Vale
743 2613 773 2643 &
793 2609 814 2643 si
832 2609 905 2655 quid
918 2608 1009 2643 habes
1021 2607 1103 2654 quod
1112 2620 1182 2640 con-

445 2655 524 2688 tonet
545 2656 724 2690 authoritate
740 2658 869 2703 dignum
888 2661 919 2691 ἃ
951 2656 1010 2691 fide
1022 2683 1032 2699 ,
1062 2655 1182 2690 strIbito

442 2703 527 2737 nobis
538 2730 548 2745 ,
584 2704 677 2739 nostri
709 2718 827 2739 memor
857 2709 889 2739 ὃς
924 2717 1038 2739 amans.
1087 2703 1182 2750 Cujus

441 2752 482 2784 rei
506 2753 693 2788 Michaelem
710 2753 974 2788 Pfullendorffium
1003 2752 1181 2787 consecreta-

441 2799 521 2833 rium
547 2812 633 2836 tuum
661 2807 692 2837 ὃ(
721 2802 814 2837 nostri
841 2802 1016 2848 diligentem
1042 2800 1180 2835 doeh-ina

442 2848 574 2892 plenum,
588 2861 639 2884 aut
649 2851 781 2897 judicem
805 2862 857 2886 aut
884 2851 1032 2885 arbitrum
1047 2850 1180 2896 experie-

442 2908 517 2930 mur.
565 2901 612 2934 Ex
644 2901 766 2934 Vienna
791 2899 938 2934 Calendas
964 2899 1061 2944 Junii,
1086 2901 1178 2932 Anno

442 2944 567 2980 Domini
585 2950 806 2983 MCCCCLI.
830 2948 988 2983 Hadienus
1006 2949 1128 2981 AEncas.

488 2994 630 3030 Narratio
639 2996 701 3040 (me
713 2997 831 3042 judice)
846 2997 955 3043 parum
965 2996 1032 3030 fida.
1064 2997 1177 3043 Neque

440 3041 520 3074 enim
551 3045 737 3079 Authoribus
757 3047 914 3087 convenit,
938 3058 1036 3092 neque
1067 3045 1175 3079 seculis.

440 3089 600 3135 Numquid
617 3107 692 3125 arma
711 3099 787 3138 regia
805 3094 882 3127 sensu
902 3094 1055 3128 heraldico
1066 3092 1117 3138 (ut
1126 3092 1176 3127 hic

442 3136 593 3178 videntur)
609 3140 798 3185 Thucydidi,
816 3145 847 3175 ὃς
862 3143 984 3188 Magno
1003 3142 1176 3177 Alexandro

440 3186 583 3230 cognita?
604 3188 746 3221 Eri-atum
755 3189 862 3222 dixeris
873 3190 911 3223 ab
929 3192 1099 3237 interprete.
1116 3192 1175 3224 Ce-

442 3232 489 3265 do.
509 3236 550 3265 At
569 3234 760 3279 iuterpretem
774 3237 896 3281 perinde
914 3238 1013 3272 multo
1030 3240 1175 3272 recentio-

444 3293 507 3313 rem
519 3279 906 3330 fatebei·i8,quitm1upponit
920 3287 1174 3333 EpiscopusNam

443 3328 468 3361 le
488 3329 701 3362 haecinveniss‘e
715 3331 756 3364 ait
769 3332 797 3363 in
812 3332 946 3367 Historia
954 3347 1016 3368 ante
1025 3349 1105 3368 annos
1107 3337 1174 3376 fix-

441 3391 537 3418 sentos,
561 3389 592 3411 ut
599 3381 733 3422 signatum
759 3390 828 3418 erat,
851 3384 1026 3426 transi-rzpta:
1046 3383 1174 3428 dataque

441 3424 481 3457 cst
494 3426 554 3471 ejus
566 3426 698 3471 epistola,
709 3428 766 3458 An.
780 3428 870 3459 Dom.
885 3439 952 3473 145
963 3443 975 3463 1
984 3456 991 3461 .
1012 3430 1070 3462 His
1082 3431 1174 3474 igitur

442 3472 462 3506 ti
480 3478 543 3507 60ss
562 3474 748 3521 adeinpseriS,
766 3474 855 3516 restat
864 3476 967 3511 Annus
980 3478 1073 3512 Dom.
1090 3478 1172 3522 851.

1242 375 1274 406 &
1293 373 1423 407 Carolus
1441 375 1586 419 Magnus
1618 387 1681 408 non
1700 374 1745 409 est
1766 376 1904 412 salutatus
1917 379 1980 412 Im-

1241 432 1362 466 perator
1379 449 1388 464 ,
1416 422 1506 469 usique
1525 424 1651 456 Annum
1675 423 1757 457 802.
1779 423 1828 457 Sic
1840 436 1874 459 ut
1893 427 1978 461 scribi

1241 479 1370 514 oportet,
1394 471 1485 505 autin
1510 471 1572 505 vita
1590 471 1705 512 Caroli,
1733 480 1785 504 aut
1796 479 1868 506 mbx
1876 474 1914 506 ab
1927 487 1978 509 ex-

1241 514 1321 550 ceffu
1340 514 1422 563 ejus:
1462 531 1526 564 quo
1549 520 1628 554 certe
1656 530 1795 565 tempora
1810 519 1891 554 nulla
1902 523 1978 558 mihi

1241 565 1370 598 occurrit
1386 567 1501 600 mentio
1518 567 1556 601 de
1574 569 1688 614 Regibus
1705 575 1905 611 Romanorum3
1923 583 1978 604 nec

1242 612 1320 647 inter
1331 613 1483 660 sequentes
1500 615 1708 661 Imperatores,
1723 616 1776 650 diu
1785 615 1894 663 postea.
1903 618 1980 652 Vox

1240 661 1334 701 eniam
1344 665 1476 696 Heraldus
1483 663 1582 697 multo
1588 665 1619 698 in
1637 664 1764 699 historiis
1772 664 1815 699 est
1823 666 1981 700 recentior.

1241 710 1367 757 Quippe
1383 712 1479 746 tenuis
1495 710 1673 754 admodum,
1695 725 1734 746 ne
1749 713 1848 748 dicam
1878 714 1909 748 in
1933 713 1979 748 lu-

1240 757 1338 793 dibrio
1353 756 1411 794 fuit
1437 762 1611 793 Heraldorum
1642 759 1808 804 aestimatio,
1830 762 1979 797 subaetate

1241 806 1373 855 Philippi
1385 807 1515 855 Augusti
1527 807 1549 843 fi
1561 809 1616 851 &le
1633 815 1748 852 Romans
1758 812 1825 843 dela
1834 814 1975 845 Clam-reete

1239 864 1312 890 tunc
1322 855 1375 900 (ut
1390 858 1417 891 F
1418 857 1565 892 auchetus
1582 855 1687 899 refert)
1709 857 1790 892 edito
1803 883 1815 901 ,
1844 857 1914 894 fides
1925 859 1976 895 ad-

1241 902 1378 940 hibenda.
1403 906 1452 940 Sic
1463 906 1547 940 enim
1565 905 1624 941 illic
1641 906 1760 953 legitur.

1241 1006 1270 1033 A
1287 1012 1349 1034 tant
1368 997 1438 1046 ff&
1451 1016 1514 1036 vous
1530 1000 1554 1049 ff
1570 1018 1606 1038 un
1618 1016 1777 1051 gamemem
2001 998 2099 1049 ffc'est
2109 1003 2189 1047 voicy]

1240 1054 1293 1081 'On
1305 1054 1410 1084 Hiraue
1434 1053 1539 1085 darmes
1563 1067 1597 1087 en
1612 1055 1723 1095 chemfi’

1240 1098 1308 1143 „Qut
1326 1112 1359 1132 en
1376 1102 1404 1132 la
1421 1110 1532 1133 taverne
1544 1106 1618 1135 avait
1634 1103 1699 1143 mise

1240 1151 1278 1179 Sa
1296 1159 1364 1180 cotte
1382 1162 1446 1182 avec
1450 1149 1485 1189 fit
1494 1151 1630 1192 chaufflre

1241 1199 1280 1228 Et
1292 1201 1355 1229 vint
1372 1211 1421 1230 nus
1425 1203 1491 1243 piez
1499 1201 1592 1243 grand
1607 1200 1704 1241 alleure

1240 1245 1416 1290 Defizftublez
1432 1257 1521 1279 contre
1537 1250 1561 1280 le
1579 1259 1644 1280 vent

1240 1289 1331 1332 L'escu
1349 1305 1443 1326 trouva
1451 1294 1469 1327 a
1480 1291 1561 1329 l'huis
1569 1298 1670 1330 devant
2014 1301 2029 1316 '⁶

1239 1338 1373 1386 S’entreff
1388 1355 1433 1375 ens
1442 1340 1477 1376 &
1495 1348 1539 1376 vit
1546 1348 1616 1389 gqfir
1636 1347 1666 1376 al
1681 1346 1718 1377 lit
1998 1355 2022 1404 ff
2040 1358 2108 1404 C'aest
2121 1365 2152 1395 3,·
2167 1375 2213 1395 en-

1241 1393 1378 1424 Lancelot.
1998 1420 2042 1442 ere
2059 1412 2165 1443 dedans.

1288 1486 1395 1521 Vilem
1411 1488 1503 1522 etiam
1516 1491 1548 1522 ὃς
1562 1488 1699 1534 spurcam
1711 1487 1982 1532 vestem,Hiraudie,

1241 1536 1438 1581 appellabant.
1454 1536 1513 1570 Sed
1522 1536 1587 1571 haec
1600 1535 1618 1570 a
1636 1537 1832 1577 Cantoribus,
1854 1541 1982 1570 Heraldis
1998 1533 2139 1573 Hiraude'ez

1240 1583 1378 1630 imposita
1391 1585 1479 1629 (dum
1491 1585 1555 1619 lites
1572 1585 1703 1619 invicem
1715 1587 1748 1618 &
1767 1584 1918 1631 propudia
1941 1584 1984 1619 se-

1240 1633 1352 1672 rerent)
1361 1634 1387 1666 F
1388 1633 1531 1667 auchetus
1542 1634 1690 1678 opinatur.
1699 1632 1863 1680 Postquam
1877 1643 1982 1669 autem

1240 1680 1397 1727 Philippus
1428 1680 1584 1729 Augustus
1608 1681 1690 1729 (qui
1716 1679 1826 1716 fastum
1843 1683 1982 1729 Regium

1239 1729 1316 1763 mire
1347 1730 1429 1777 apud
1447 1730 1551 1765 Gallos
1568 1731 1654 1765 auxit
1671 1728 1686 1774 )
1708 1737 1806 1777 Regem
1833 1731 1920 1765 filum
1937 1745 1982 1765 ar-

1238 1792 1341 1812 morum
1358 1780 1486 1824 (Monjoy
1498 1777 1635 1823 nomine)
1665 1778 1784 1826 ejustpe
1801 1779 1976 1815 successores

1238 1826 1378 1873 Equestri
1411 1828 1571 1874 dignitate,
1594 1831 1627 1862 ὃ(
1656 1827 1813 1873 splendidis
1828 1829 1979 1864 beneficiis

1237 1875 1436 1911 adornaverat
1449 1892 1455 1910 :
1497 1886 1657 1923 coeperunt
1680 1875 1745 1921 jam
1763 1876 1834 1911 inde
1865 1881 1980 1912 Heraldi

1238 1923 1408 1970 spectabiles
1426 1924 1503 1967 fore,
1520 1928 1552 1958 δε
1565 1925 1596 1958 in
1613 1926 1723 1971 precio,
1754 1926 1872 1972 Scripta
1886 1927 1981 1973 igitur

1237 1972 1292 2007 ista
1308 1975 1442 2008 narratio
1459 1974 1579 2008 videtur
1597 1986 1636 2007 ex
1658 1973 1709 2008 illa
1720 1974 1897 2019 tempestate
1916 1989 1922 2008 :
1944 1978 1979 2008 &

1236 2021 1350 2054 Carolo
1362 2032 1396 2065 4.
1414 2022 1605 2068 Imperatori,
1622 2022 1723 2066 potius
1741 2021 1835 2066 quarn
1860 2022 1975 2057 Carolo

1238 2068 1362 2115 Magno
1380 2069 1547 2103 tribuenda.

1282 2311 1304 2360 ff
1323 2312 1544 2361 Herbagium]
1567 2315 1644 2349 Vox
1656 2313 1764 2351 forens
1774 2315 1792 2351 a
1813 2316 1893 2352 Gall.
1911 2319 1971 2351 her-

1232 2364 1309 2410 bage.
1334 2363 1466 2399 Vestum
1485 2375 1571 2398 terrae
1601 2376 1669 2410 quae
1687 2364 1825 2399 dentibus
1842 2366 1975 2401 animali-

1232 2424 1287 2446 um
1307 2413 1483 2458 decerpitur.
1531 2413 1673 2446 Occurrit
1690 2411 1830 2461 frequens
1840 2413 1975 2461 projure

1231 2460 1405 2506 depascendi
1431 2462 1563 2495 alienum
1592 2460 1709 2503 solum,
1733 2473 1767 2496 ut
1789 2463 1820 2497 in
1846 2461 1971 2506 forestis,

1232 2512 1290 2542 ὅτε.

1281 2554 1304 2602 ff
1323 2555 1452 2602 HercL]
1480 2558 1514 2591 In
1533 2556 1700 2591 confirmat.
1716 2556 1892 2592 libertatum
1909 2559 1971 2593 De-

1231 2607 1298 2639 cani
1310 2606 1390 2640 Eccl.
1408 2606 1436 2639 S.
1452 2606 1534 2640 Petri
1549 2605 1729 2639 Eboracens
1744 2618 1792 2640 an.
1808 2619 1828 2652 5
1841 2607 1922 2641 Hen.
1936 2620 1969 2653 7.

1230 2653 1328 2688 rotull.
1348 2655 1382 2696 6,
1397 2667 1428 2699 7.
1449 2657 1480 2689 ὅ(
1493 2655 1571 2701 seqq.
1584 2655 1662 2688 inter
1679 2653 1747 2695 alia,
1790 2653 1828 2689 fic
1849 2655 1970 2701 legitur.

1230 2705 1316 2744 Herd,
1328 2709 1348 2736 i.
1371 2706 1523 2746 domestica,
1540 2706 1585 2736 vel
1596 2703 1737 2743 intrinftca
1750 2700 1875 2746 familia.
1910 2705 1972 2738 Re-

1229 2750 1291 2793 ἃὲ,
1308 2750 1326 2785 ὲ
1343 2751 1411 2785 Sax.
1429 2755 1541 2796 blpeo.
1565 2751 1638 2785 Inde
1668 2751 1773 2793 clerus,
1795 2752 1972 2797 biscopsbi-

1229 2807 1311 2843 neo:
1332 2804 1545 2845 paterfamilias,
1581 2799 1821 2843 h1poesealoep
1851 2799 1972 2836 dicitur:

1229 2847 1313 2881 Hinc
1325 2851 1368 2884 811
1382 2845 1469 2886 birth
1485 2846 1634 2885 Zethum
1645 2874 1656 2890 ,
1673 2847 1755 2880 idem
1785 2848 1867 2882 sonat
1887 2849 1970 2895 quod

1221 2900 1317 2938 servus
1350 2902 1503 2942 domesticus
1515 2923 1526 2939 ,
1543 2901 1588 2931 vel
1609 2904 1640 2931 in
1649 2899 1796 2937 familiam
1810 2897 1942 2942 fiffcqptus
1959 2914 1970 2930 :

1227 2957 1262 2986 tu
1275 2950 1360 2991 bite,
1390 2953 1420 2980 in
1429 2950 1576 2987 familiam
1598 2945 1761 2988 conscribere.

1274 2993 1298 3041 J
1311 2997 1403 3032 Here.
1425 2995 1620 3036 Saxonicum,
1642 2994 1679 3029 al·
1696 2996 1830 3039 benge:
1861 3000 1969 3028 exerci-

1225 3057 1277 3078 tus.
1301 3044 1515 3091 Amerpachio,
1538 3047 1570 3078 ὃ(
1587 3044 1661 3085 aliis,
1671 3037 1776 3081 ἱὲᾱιΐο
1798 3042 1849 3076 Sic
1865 3041 1967 3087 (apud

1226 3091 1384 3139 Cujaicum
1397 3094 1429 3127 in
1446 3090 1622 3138 praefatione
1639 3092 1682 3126 lib
1695 3092 1734 3126 de
1756 3089 1866 3131 feudis)
1885 3094 1967 3121 Heri-

1224 3143 1341 3176 bannum
1365 3146 1396 3176 &
1416 3142 1626 3175 Haribannum:
1661 3143 1816 3180 Heriflit&
1833 3139 1966 3176 Hartstt't:

1224 3190 1389 3237 multaeque
1419 3190 1490 3225 alias
1511 3202 1600 3223 voces
1629 3189 1775 3222 militares.
1799 3184 1965 3218 Saxonibus

1225 3249 1327 3272 autem
1346 3238 1452 3273 nostris
1464 3238 1520 3273 isto
1536 3237 1658 3271 nomine
1676 3234 1806 3268 censstur
1830 3232 1965 3266 multitu-

1223 3287 1276 3328 do,
1292 3299 1360 3334 quae
1379 3300 1423 3332 35
1437 3287 1573 3320 homines
1595 3280 1766 3316 excesserit:
1799 3291 1833 3314 ut
1851 3281 1882 3314 in
1901 3281 1964 3316 Inae

1224 3340 1356 3373 LL.ca.1
1368 3348 1398 3380 3.
1406 3334 1563 3368 definitum
1572 3330 1624 3372 est,
1639 3329 1677 3362 de
1690 3341 1762 3375 quo,
1775 3329 1858 3363 Vide
1871 3332 1962 3363 Hloth.

1224 3385 1315 3429 {flere
1330 3383 1422 3417 etiarn
1435 3379 1605 3419 Gennanis,
1645 3377 1725 3411 idem
1746 3378 1828 3423 quod
1845 3377 1962 3410 Latinis

1223 3435 1300 3465 herus
1331 3430 1366 3465 &
1395 3434 1514 3464 dominus
1529 3442 1536 3461 :
1575 3426 1630 3459 hac
1656 3436 1759 3460 autem
1786 3426 1959 3471 interpreta-

1224 3479 1325 3521 tione,
1364 3489 1421 3512 nec
1446 3474 1613 3512 invocibus
1638 3474 1816 3510 militaribus
1832 3473 1960 3519 reperio,

1904 3533 1961 3557 nec
