2305 3809
926 245 1140 307 Henricz'
1185 249 1228 306 S
1219 245 1464 329 pelmanni

1243 365 1324 399 Inter
1336 368 1517 408 mareskallum
1534 366 1610 400 vero
1632 370 1665 402 &
1690 374 1821 405 Comitem
1835 373 1941 414 stabuli
1954 354 2125 411 Maresbaizus

1195 425 1232 446 ea
1243 414 1320 448 olim
1338 414 1459 449 videtur
1475 412 1561 449 fuiffe
1583 412 1753 451 differentia
1775 430 1845 464 quae
1863 422 1941 455 inter
1955 404 2002 434 suh
2014 405 2130 436 c⁰m¹te

1195 461 1354 497 dominum
1373 466 1404 497 &
1422 461 1583 498 famulum.
1596 470 1689 499 Comes
1706 471 1737 499 in
1746 466 1851 508 stabulo
1876 469 1942 503 uni-
1955 441 2061 475 stabun‘

225 272 349 335 400

401 385 460 413 vire
483 383 526 412 vel
547 390 667 411 exercere
694 374 787 406 debent
812 371 897 414 efficia
924 368 1086 413 fi‹bscr1‘ptus
1115 370 1145 399 in

403 430 445 461 his
470 430 528 460 ordo
537 428 667 466 strvetur.
704 420 799 454 Primi}
819 424 892 452 enim
911 423 1080 462 Imperatore,
1102 418 1147 448 vel

177 1203 342 1240 Marescallus
360 1204 388 1234 δ’

175 1247 265 1274 Comes
279 1243 385 1279 stabuli·
402 1246 483 1282 idem
501 1245 570 1288 esse,
592 1245 674 1292 quod
692 1246 721 1279 in
755 1245 897 1290 superiori
921 1247 953 1277 &
980 1244 1032 1278 sub
1058 1247 1150 1278 Carolo

172 2314 270 2351 ,Maresa
276 2316 301 2342 dl
304 2315 327 2341 lu
332 2323 343 2341 s

172 2353 361 2386 Protostrator

173 2399 275 2426 Comes
285 2405 368 2434 equo-

172 2443 244 2465 rum.

403 481 473 521 Rege
490 475 539 519 ipft
565 478 594 504 in
605 472 668 511 fi’de
691 474 778 515 regia,
792 469 842 508 stu
852 469 916 507 filio
946 466 1085 509 Imperiali
1101 464 1147 517 fi:-

402 527 488 561 dente,
511 528 581 554 Dux
599 519 736 552 Saxoniae
753 517 867 559 officium
876 515 956 555 suum
984 511 996 557 (
1008 513 1026 546 i.
1039 510 1147 545 Archi-

403 566 585 609 marescalli)
600 579 663 612 agat
682 569 726 598 hoc
744 567 824 598 modo.
856 569 972 596 Ponetur
990 567 1063 595 enim
1084 571 1147 593 ante

401 619 542 658 ‹edificium
550 618 666 660 ftffionis
696 616 847 658 Imperialis
863 614 909 645 vel
924 617 1024 657 chiae,
1040 622 1148 643 acervus

401 680 491 700 avene
509 677 590 698 tantae
606 664 774 702 altitudinis,
785 663 855 707 quod
857 665 998 706 pertingat
1018 662 1099 705 usque
1111 659 1150 691 ad

397 719 487 760 peflus
500 717 543 746 vel
551 715 647 753 fi‘llam
661 716 723 756 equi
733 712 814 757 strper
823 724 872 757 quo
880 710 985 750 sedebit
997 710 1048 754 ipse
1061 714 1147 741 Dux:

402 762 436 797 ὅ
455 763 562 795 habebit
573 767 603 793 in
615 774 696 793 manu
713 760 835 792 baculum
847 770 1012 804 argenteum,
1028 756 1062 792 &
1074 769 1150 789 men-

392 813 487 851 fitram
505 821 670 856 argenteam,
688 822 744 854 φα·
755 811 840 851 fimul
860 811 972 848 faciant
989 812 1021 839 in
1034 807 1149 852 pondere

399 862 533 892 duodecim
552 872 656 892 marcas
673 862 778 903 argenti
787 873 795 888 .·
821 855 855 891 &
873 857 968 897 sedens
978 856 1057 901 fhper
1074 867 1149 899 equo,

394 908 486 954 prim&
503 909 651 947 menfieram
668 909 779 939 eandem
796 908 828 938 de
846 918 932 937 avena
951 906 1060 950 plenam
1079 908 1150 936 accr-

395 963 476 1002 piet,
508 955 659 997 &famulo
689 954 819 999 primitias
843 958 964 987 venienti
985 954 1150 995 ministrabit

402 1008 532 1038 eandem.-
574 1018 623 1049 (μισ
649 1007 725 1043 fiilio
746 1004 851 1047 figendo
875 1003 996 1035 baculum
1008 1007 1039 1035 in
1051 1015 1150 1041 avena,

405 1056 517 1094 recedet,
540 1050 574 1086 &
595 1050 846 1086 Viccmarscalcus
863 1055 927 1094 ejus,
939 1061 1009 1095 puta
1027 1053 1059 1082 de
1072 1050 1150 1095 Pap-

405 1101 560 1147 penhehn,
583 1103 716 1142 accedens,
751 1103 796 1133 vel
809 1114 838 1134 eo
855 1100 958 1140 abftnte
983 1097 1150 1133 Marschal-

403 1162 454 1184 cus
472 1151 574 1191 curiae,
595 1153 704 1184 ulterius
716 1163 831 1182 avenam
852 1150 935 1194 ipsam
952 1148 1098 1191 dnstribuet.

453 1198 585 1233 Videtur
603 1199 775 1237 Mircscallus
787 1196 840 1230 fiJb
856 1196 1004 1230 hodierno
1016 1196 1150 1240 Imperio

402 1307 516 1340 magno
538 1301 630 1327 Comes
645 1295 766 1334 stabuli:
790 1292 1019 1339 Germanosque
1040 1304 1150 1326 vocem

403 1343 496 1383 illam,
519 1339 892 1385 velutistiusinterpretem
911 1339 1069 1386 suscepisse.
1114 1342 1150 1375 In

404 1390 549 1425 hodierno
567 1388 648 1422 enim
667 1389 798 1435 imperio
823 1400 884 1421 non
913 1389 1060 1433 reperitur
1077 1388 1151 1421 alius

404 1439 629 1482 Constabularim,
652 1436 746 1483 quarn
773 1438 943 1477 Manscallus
961 1452 969 1468 :
993 1439 1025 1470 &
1053 1436 1084 1470 in
1107 1435 1152 1469 ssl-

404 1488 516 1533 periori
529 1514 538 1530 ,
561 1500 623 1520 non
657 1485 730 1519 alius
756 1487 923 1526 Marestaffus
941 1483 1034 1531 quam
1059 1491 1151 1518 Comes

396 1537 510 1580 stabuli,
534 1534 556 1568 fi
572 1541 718 1568 Hincmaro
729 1534 961 1580 Archiepiscopo
977 1533 1153 1568 describenti

403 1583 545 1618 officiales
570 1587 661 1616 Caroli
690 1588 809 1628 magni,
851 1581 945 1618 fidem
975 1581 1151 1617 adhibueris.

402 1634 529 1679 Quippe
546 1636 657 1665 Comitis
665 1632 769 1674 stabuli
785 1640 858 1665 tunc
877 1629 1015 1666 officium
1038 1631 1153 1679 equita-

403 1682 485 1715 tione
494 1680 656 1727 praesertim
664 1681 808 1725 Principis
820 1683 851 1714 δε
860 1679 1046 1714 caballorum
1055 1679 1153 1714 victui

407 1729 421 1773 (
434 1740 469 1763 ut
485 1735 630 1762 Hincmari
643 1739 710 1763 utar
726 1727 850 1771 verbis)
882 1726 1062 1762 destinatum
1084 1726 1154 1771 fuit,

403 1788 496 1825 prout
513 1776 582 1811 alias
594 1779 759 1819 Marqfcalli,
777 1777 1002 1824 &insuperiori
1019 1779 1154 1824 Imperio

404 1825 541 1861 orientali
558 1839 621 1860 non
638 1826 786 1873 reperitur
798 1825 892 1861 aliter.
910 1828 945 1860 In
955 1824 1089 1860 inferiori
1101 1839 1153 1861 ve-

404 1875 440 1909 ro
454 1888 509 1909 nec
520 1877 674 1921 Marefialli'
692 1875 817 1917 mentio,
829 1875 927 1909 necin
939 1875 1037 1921 equile
1046 1876 1153 1910 Comi-

404 1924 439 1956 tis
469 1923 584 1958 stabuli.
631 1924 700 1964 Qui
729 1924 810 1958 enim
835 1923 916 1969 apud
933 1927 1118 1970 Curopalatem
1138 1926 1152 1957 ὃ

403 1973 485 2011 ιιέμς
501 1972 695 2007 mirmah&
707 1984 837 2017 magnus
864 1972 1089 2014 Contostaulus,
1120 1976 1152 2007 &

407 2020 488 2064 apud
515 2023 694 2065 Nicephorum
714 2020 832 2062 ὃμὲγας
854 2019 1043 2056 κονοςείβιλΘ·
1063 2032 1154 2066 mag-

405 2079 460 2100 nus
490 2066 700 2101 Conostabilus
741 2066 909 2112 appellatur
927 2080 938 2110 3
995 2068 1153 2112 copiarum

406 2115 596 2149 auxiliarium
611 2116 684 2149 Dux
703 2113 762 2148 fuit
789 2127 827 2149 ex
846 2114 949 2156 Italia,
972 2114 1084 2157 Gallia,
1101 2115 1154 2149 aji-

406 2163 486 2209 istpie
513 2164 687 2210 regionibus
713 2163 872 2196 occidentis
891 2163 945 2196 fiib
966 2163 1154 2208 Imperatore

409 2212 611 2252 merentium,
636 2213 825 2245 Francorum
850 2210 974 2244 nornine
993 2210 1054 2258 (ut
1072 2211 1154 2258 apud

404 2258 525 2294 Turcas
532 2259 622 2294 hodie
633 2262 646 2299 )
669 2259 958 2307 comprehensarum.

452 2309 528 2342 Non
545 2307 704 2343 defuerunt
724 2319 826 2343 tamen
839 2310 891 2356 qui
903 2309 956 2342 {ab
977 2307 1039 2343 aliis
1052 2308 1167 2344 nomi?

403 2357 489 2391 nibus
506 2357 570 2391 haec
583 2357 721 2392 obierunt
729 2359 832 2394 munia
846 2372 852 2392 :
871 2362 1046 2401 Protostrator
1054 2357 1153 2393 vicem

404 2407 634 2451 Comitisstabuli,
658 2410 689 2441 &
716 2413 808 2440 Comes
824 2420 949 2453 equorum
969 2407 1067 2441 vicem
1086 2411 1153 2440 .Ma-

406 2456 506 2495 rest-alli
519 2469 525 2488 :
537 2455 586 2488 hic
599 2455 680 2489 enim
699 2456 877 2501 Imperatori
886 2466 972 2501 parat
985 2458 1017 2489 &
1037 2453 1154 2501 profert

405 2516 530 2550 equum,
553 2502 600 2536 ille
610 2503 814 2537 astendentem
844 2504 974 2550 surrigit,
995 2507 1033 2538 ⁴&
1051 2502 1152 2538 affeffo

404 2549 488 2585 frena
505 2550 694 2585 moderatur:
741 2553 955 2599 Longobardis
973 2554 993 2596 (
1008 2563 1041 2587 ut
1060 2550 1153 2587 refert

403 2603 593 2641 Warnifredus
603 2601 614 2638 )
627 2603 749 2645 Marpati
758 2601 949 2648 di&us‚qu0d
963 2601 1040 2634 vide.
1056 2603 1153 2634 Choni-

405 2660 465 2681 ates
482 2649 557 2682 vero
575 2648 613 2682 de
632 2649 764 2694 Imperio
782 2653 912 2683 Baldm‘ni
940 2649 1074 2690 Flandri‚
1092 2650 1153 2683 ait:

404 2697 530 2731 Graecos
547 2709 618 2732 eum
631 2695 787 2743 appellasse
799 2695 1037 2740 'Protsstratorem
1061 2710 1153 2744 quem

406 2745 507 2780 Latini
525 2745 556 2779 in
580 2746 715 2780 exercitu
747 2747 952 2787 marfi‘aldum:
977 2746 1026 2781 sed
1060 2750 1155 2788 maris-=

408 2797 511 2828 caldum
537 2793 659 2828 videtur
696 2793 837 2840 accepisse
858 2794 956 2829 latiori
981 2795 1062 2830 sensu
1092 2794 1156 2840 (ut

409 2843 557 2877 Germani
572 2842 680 2890 aliique
692 2843 805 2882 solent)
829 2856 885 2889 pro
897 2845 1068 2887 Coneslabilo‚
1103 2856 1157 2878 vo-

407 2891 512 2937 cesque
525 2891 654 2926 invicem
671 2890 843 2926 confudiffe.
861 2893 910 2926 Sic
923 2893 953 2926 in
962 2892 1010 2927 Ll.
1021 2895 1157 2927 Edouardi

408 2941 522 2981 Confeffl
530 2939 623 2974 andiu
635 2941 714 2986 Cap.
731 2953 785 2987 35.
801 2943 1017 2987 Anglqfizxonum
1033 2939 1158 2988 (inquit)

409 2990 573 3029 Heretochii,
590 2991 691 3022 Latine*
702 2991 857 3024 dicebantur
877 2993 994 3024 duffores
1012 2996 1158 3032 exercitus,

409 3037 480 3078 apud
494 3038 582 3068 Gallos
601 3037 753 3083 Capitales
760 3037 1001 3081 constabularii,
1023 3043 1068 3072 vel
1082 3039 1158 3073 Ma-

413 3082 545 3116 reschalli
572 3086 727 3118 exercitus.
785 3087 857 3120 Hoc
893 3089 997 3134 utique
1032 3099 1158 3121 munere

414 3133 628 3173 protostratorem
642 3132 734 3166 donat
764 3137 897 3168 eodinus:
922 3137 973 3168 «ἢεί
990 3134 1052 3169 σῧπ
1074 3137 1100 3181 {t}
1128 3134 1159 3177 >3

414 3175 627 3220 πςωτοςρμῖτως
674 3180 782 3224 ‚tgna-‘1⁹9
822 3184 873 3215 4>ae
902 3185 933 3216 τὲ
972 3185 1157 3228 &vufflens

416 3227 510 3259 ἠιντῖις
534 3226 610 3258 dur?
628 3227 659 3259 αἱ
688 3228 792 3270 ςεριτῖἓ,
809 3230 827 3263 i.
839 3231 966 3276 Propter
984 3231 1043 3265 hoc
1067 3237 1160 3265 Prote-

407 3276 510 3315 strator
528 3273 690 3317 appellatus
703 3276 755 3316 est,
767 3277 849 3323 quod
862 3288 961 3312 toturn
977 3278 1065 3325 ipsius
1077 3263 1160 3323 (Im-

418 3319 589 3367 peratoris)
614 3323 777 3356 exercitum
800 3327 1013 3370 antegreditur.
1025 3328 1102 3362 Sunt
1116 3338 1160 3361 ta-

418 3382 489 3402 men
509 3369 561 3415 qui
578 3369 694 3405 malunt
707 3368 723 3404 a
736 3371 847 3405 Latino
855 3375 970 3415 strator,
991 3386 1026 3409 ut
1040 3374 1118 3413 infra
1128 3376 1159 3410 in

417 3421 599 3463 Promstrator·

1195 520 1258 551 cus,
1282 512 1425 551 maraestalli·
1434 511 1552 556 plures:
1575 513 1629 548 Ille
1654 512 1673 548 ὲ
1693 514 1831 560 Principe
1849 513 1944 559 datus,

1195 557 1237 591 hii
1255 556 1406 593 &Comite
1428 557 1576 607 affumpti.

1246 604 1413 654 Imperium
1426 607 1520 653 igitur
1541 607 1647 644 stabuli
1668 623 1758 657 penes
1777 611 1946 653 Comitem,

1196 655 1394 691 ministerium
1412 657 1490 690 inter
1501 656 1658 698 marcfiallbs
1674 657 1745 703 fuit,
1761 663 1793 694 &
1806 660 1866 694 hoc
1879 659 1946 706 qui-

1196 703 1268 739 dem
1279 705 1413 740 aribitrio
1421 704 1564 747 Comitis,
1570 706 1618 739 cui
1627 704 1659 740 in
1671 708 1810 743 omnibus
1818 706 1946 743 fam'ula-

1197 752 1307 788 bantur
1319 757 1476 796 marefialli.
1500 753 1591 788 Elato
1614 755 1716 802 itaque
1728 761 1831 790 Comite
1840 757 1946 800 stabuli

1197 801 1236 836 ab
1254 801 1389 838 officiali
1415 801 1581 837 domestico
1599 802 1630 837 in
1651 803 1766 838 militiae
1783 803 1946 851 praefeRu—
1959 792 2015 862 ἒξ
2029 799 2173 832 pmmove‘
2221 779 2225 783 ἡ

1197 862 1265 886 ram
1282 856 1294 893 (
1307 852 1391 899 quod
1405 851 1488 899 apud
1500 850 1606 887 Gallos
1618 852 1756 899 primitus
1764 852 1883 887 videtur
1893 852 1948 887 ob-
2011 854 2019 862 '

1197 899 1294 946 tigisfl:
1305 907 1429 948 Frogerio
1445 903 1478 935 de
1493 903 1602 934 Challon
1620 913 1688 936 aevo
1706 904 1828 948 Philippi
1850 913 1878 935 1.
1896 913 1948 936 an-

1197 961 1274 983 num
1290 950 1410 984 circiter
1433 947 1565 995 1083.)
1582 947 1708 985 effertur
1718 963 1779 985 una
1802 950 1949 991 Mardi-al-

1197 1000 1282 1032 lorum
1298 997 1465 1032 aestimatio.
1487 999 1572 1032 Cum
1589 999 1670 1033 enirn
1689 999 1720 1034 in
1736 998 1900 1034 metandis
1916 1010 1948 1032 e-

1198 1046 1264 1092 quis
1291 1047 1398 1092 Regiis
1427 1050 1459 1081 &
1485 1046 1641 1094 equitandi
1658 1047 1784 1083 artificio
1799 1050 1810 1083 .(
1817 1059 1856 1081 ex
1882 1059 1945 1094 quo

1199 1100 1328 1140 Equieres
1336 1094 1480 1143 appellari
1488 1096 1637 1141 coeperint
1646 1096 1659 1135 )
1681 1097 1754 1130 alios
1770 1097 1948 1143 plerumque

1198 1156 1304 1178 omnes
1320 1144 1541 1185 antecellerent,
1551 1144 1661 1179 deleffi
1679 1145 1745 1179 sunt
1768 1157 1806 1179 ex
1824 1143 1865 1177 eis
1873 1143 1949 1189 saepe

1197 1193 1328 1238 potiores
1344 1194 1482 1241 aliqu0t3
1506 1204 1582 1226 unus
1599 1190 1679 1228 forte
1704 1193 1754 1228 vel
1774 1193 1857 1234 alius,
1893 1192 1947 1238 qui

1198 1242 1230 1275 in
1243 1242 1422 1277 militaribus
1434 1240 1674 1287 expeditionibus
1683 1242 1801 1276 hostem
1815 1239 1950 1282 lustrare,

1198 1289 1452 1324 castrametationi
1477 1289 1578 1324 locum
1603 1290 1739 1337 seligere,
1775 1301 1949 1338 pugnaeque

1197 1337 1337 1373 ineundae
1354 1339 1503 1373 rationem
1511 1337 1680 1380 decernere,
1695 1340 1872 1373 mitteretur.
1888 1339 1952 1371 De-

1199 1386 1268 1420 inde
1287 1387 1420 1432 primam
1435 1386 1533 1421 aciem
1566 1391 1578 1429 (
1591 1397 1625 1421 ut
1642 1388 1674 1421 in
1696 1387 1833 1422 orientali
1851 1387 1950 1433 Impe-

1200 1434 1246 1467 rio
1263 1439 1437 1477 Protostrator
1451 1434 1609 1475 )educere‚
1620 1435 1860 1481 equestribusque
1873 1448 1951 1481 prae-

1201 1479 1298 1516 fectus
1318 1481 1425 1516 turmis
1459 1481 1515 1525 (ut
1527 1486 1620 1514 Comes
1629 1483 1748 1525 stabuli,
1773 1484 1951 1527 exercitui)

1201 1542 1314 1577 pugnae
1332 1530 1452 1564 initium
1471 1529 1633 1564 accendere
1646 1556 1657 1573 ‚
1693 1529 1777 1578 quod
1795 1531 1952 1566 Britonem

1202 1581 1439 1614 Armoricanum
1449 1591 1511 1613 non
1522 1577 1610 1613 latuit
1621 1576 1846 1625 Philiplibssfic
1859 1579 1898 1614 de
1907 1605 1914 1614 .
1923 1607 1930 1615 .
1945 1605 1954 1613 .

1202 1671 1285 1723 Cztjus
1303 1691 1364 1712 erat
1380 1683 1505 1724 primum
1517 1680 1623 1722 gestare
1637 1685 1668 1712 in
1687 1681 1785 1724 praelia
1796 1680 1897 1723 pilum,

1202 1728 1318 1774 „Quippe
1326 1729 1483 1769 Marefialli
1508 1729 1579 1761 claro
1593 1729 1720 1774 fulgebat
1728 1729 1830 1761 honore.
1878 1727 1880 1729 ³

1252 1823 1362 1859 Clarus
1381 1836 1488 1860 revera
1498 1823 1566 1870 jam
1583 1834 1651 1860 tum
1676 1826 1831 1866 Marefialli
1845 1824 1955 1865 honos,

1201 1884 1272 1908 aevo
1284 1873 1392 1908 scilicet
1405 1877 1526 1920 Philippi
1541 1877 1664 1919 Augusti,
1680 1875 1734 1921 qui
1746 1875 1893 1920 Regnum
1907 1872 1953 1906 in-

1201 1922 1236 1956 iit
1268 1935 1348 1956 anno
1367 1923 1473 1969 gratiae
1496 1935 1509 1956 1
1523 1935 1604 1969 179.
1640 1934 1710 1959 ante
1737 1932 1859 1958 aetatem
1877 1921 1953 1955 verb

1202 1974 1335 2005 Ludovici
1343 1976 1439 2015 Craffi,
1446 1971 1498 2017 qui
1508 1983 1637 2017 regnare
1645 1973 1740 2018 coepit
1747 1983 1827 2005 anno
1845 1982 1864 2004 1'
1872 1983 1884 2004 1
1894 1981 1953 2013 07.

1201 2031 1264 2051 non
1282 2019 1427 2063 reperitur
1453 2021 1605 2057 (Faucheto
1632 2019 1732 2053 stdulo
1759 2015 1953 2063 indagante)

1201 2070 1322 2099 franciae
1343 2066 1514 2106 marest-allus.
1555 2066 1596 2099 Et
1609 2070 1727 2101 Tillenus
1746 2064 1839 2101 refert
1856 2064 1954 2099 Gallis

1201 2113 1320 2147 tantun]
1332 2111 1417 2146 fuiffe
1433 2113 1508 2146 duos
1529 2116 1700 2156 mariscallus,
1718 2114 1816 2148 donec
1833 2116 1953 2155 Francis:

1201 2174 1246 2193 cus
1264 2173 1292 2194 1.
1313 2159 1365 2206 qui
1378 2161 1447 2194 Rex
1469 2160 1613 2194 salutatur
1633 2174 1713 2196 anno
1734 2174 1749 2196 1
1760 2174 1773 2197 ι
1787 2174 1840 2208 15.
1856 2162 1956 2197 auxis-

1201 2208 1243 2243 set
1265 2220 1437 2243 numerum.

1343 2352 1367 2402 J
1391 2362 1433 2390 De
1454 2358 1607 2398 Maregfcallo
1627 2360 1701 2404 apud
1718 2361 1818 2404 Angla-

1514 2410 1641 2441 Saxones.

1212 2504 1217 2508 “
1251 2504 1331 2538 Inter
1344 2513 1447 2536 rerum
1467 2501 1803 2547 Anglo-Saxonicarum
1820 2504 1953 2550 Scripto-

1202 2564 1249 2586 res
1266 2561 1391 2593 veteres‚
1411 2562 1473 2583 non
1491 2550 1608 2596 reperio
1633 2563 1745 2585 vocem
1766 2553 1951 2593 mareftallus:

1203 2601 1251 2635 sed
1268 2600 1320 2646 qui
1337 2596 1457 2633 navaffe
1474 2598 1533 2632 hoc
1550 2597 1688 2634 officium
1705 2599 1854 2641 videatur,
1868 2601 1955 2635 Lati-

1203 2647 1332 2683 ne‘aliits
1349 2653 1454 2682 strator
1471 2649 1504 2681 ὃ(
1529 2651 1681 2690 StaMarius‚
1704 2647 1773 2683 alias
1799 2650 1874 2682 Dux
1894 2650 1951 2682 mi-

1203 2698 1273 2732 litiae
1286 2710 1314 2738 ‚·
1337 2697 1479 2741 Princeps
1517 2696 1631 2731 militiae
1644 2723 1654 2739 ,
1707 2700 1739 2732 &
1771 2695 1953 2742 Praepofitus

1204 2745 1312 2792 regalis
1323 2745 1468 2780 exercitus
1486 2757 1493 2778 :
1516 2745 1663 2779 saxonice
1679 2745 1795 2788 boloe,
1824 2749 1952 2789 bepco-

1205 2807 1261 2841 ge,
1283 2798 1476 2840 bepeogem
1498 2796 1531 2827 ὃ(
1549 2796 1743 2837 benecoche
1767 2804 1953 2839 nuncupatus

1204 2842 1254 2878 est.
1304 2842 1459 2878 Videntur
1489 2843 1523 2875 &
1547 2841 1595 2876 hae
1613 2841 1682 2887 ipfie
1703 2854 1793 2876 voces
1820 2841 1952 2877 eundem

1206 2890 1276 2926 alias
1302 2889 1460 2938 designare
1489 2888 1676 2933 officialem,
1705 2889 1774 2925 alias
1790 2890 1954 2933 diversum,

1205 2940 1301 2980 boloe
1319 2941 1463 2974 nimirum
1479 2964 1490 2981 ‚
1512 2937 1582 2972 belli
1609 2940 1829 2986 Imperatorem
1849 2942 1881 2974 &
1896 2940 1953 2976 mi-

1205 2989 1275 3032 litiae
1305 2989 1491 3035 principem:
1514 2990 1727 3036 hqaecoger,
1752 2992 1810 3023 &c.
1853 2989 1952 3034 copia-

1206 3050 1276 3072 rum
1287 3037 1426 3072 duetores
1436 3039 1468 3071 ὅ(
1477 3035 1701 3080 Polemarchos,
1708 3038 1826 3072 summo
1834 3046 1951 3070 tantum

1206 3086 1277 3122 belli
1293 3087 1479 3132 Imperatore
1492 3082 1654 3121 inferiores.
1677 3086 1764 3121 Prior
1776 3097 1838 3119 vox
1849 3094 1952 3116 occur-

1207 3137 1247 3171 rit
1264 3136 1296 3169 in
1312 3138 1475 3180 AEthelstam'
1495 3134 1543 3170 Ll.
1562 3147 1626 3181 cap.
1644 3145 1679 3180 4.
1709 3134 1762 3169 ubi
1776 3130 1877 3176 mpitis
1888 3128 1950 3175 ejus

1207 3184 1367 3219 aestimatio
1376 3185 1429 3231 qui
1437 3183 1531 3221 boloe
1540 3182 1817 3230 appellatur,4000
1823 3177 1950 3213 thrimfis

1207 3233 1404 3278 expenditur3
1428 3232 1503 3266 tanti
1517 3232 1573 3266 scil.
1595 3242 1651 3263 nec
1656 3228 1748 3274 pluris
1763 3224 1855 3274 quam
1869 3228 1951 3263 Prae-

1208 3279 1295 3326 pofiti
1306 3281 1400 3325 Regis
1411 3293 1502 3327 quern
1524 3281 1715 3321 bebEePefae
1744 3274 1776 3308 id
1797 3273 1848 3309 est·
1871 3279 1951 3324 bisslj

1209 3330 1337 3373 bhetiff
1350 3339 1466 3362 vocant.
1489 3322 1719 3368 Intelligendum
1732 3324 1825 3369 igitur
1835 3327 1952 3365 censeo,

1207 3390 1271 3410 non
1291 3376 1328 3410 de
1348 3377 1466 3410 summo
1483 3371 1568 3418 regni
1578 3372 1763 3417 Imperatore
1775 3371 1896 3406 militari
1904 3373 1952 3407 sed

1208 3425 1379 3459 Comitatus
1396 3420 1526 3468 alicujus,
1549 3417 1601 3466 qui
1618 3419 1739 3465 perinde
1758 3418 1827 3456 alias
1844 3426 1954 3455 Herem-

1882 3472 1955 3505 chius
