2305 3809
308 228 332 285 3
350 227 368 263 1
384 225 419 263 2
963 198 1173 262 Hearici
1200 198 1478 280 spelmanni

213 297 599 363 mmmm),
615 332 741 363 militaris
759 327 807 360 seu
820 310 977 370 erogatoria,
985 334 1022 355 ea
1034 320 1077 355 est
1090 333 1184 367 quam
1282 319 1480 355 Emendanda
1497 322 1620 356 Baronii
1632 321 1723 356 editio
1731 336 1792 369 qua
1803 324 1975 363 κρνηςανΊιαι-

217 574 364 605 Jndifflones
376 573 417 602 fa·

215 613 268 643 3ae
278 614 430 643 chronolo-

216 654 293 690 gicae‚
307 655 360 682 An.
373 654 427 681 Do.

219 693 342 721 nondum
353 692 381 720 in

218 730 276 759 usu.

221 950 317 978 Annus
334 946 432 975 Domi-

220 988 249 1015 ni
261 986 368 1023 quando
379 986 432 1021 pri-

222 1026 286 1054 num
297 1030 433 1062 receptus.

373 1361 383 1378 0

224 1409 335 1438 Primus
341 1405 438 1436 indisti-

225 1457 298 1492 onam
315 1455 401 1476 annus

225 1496 300 1524 quis.

442 379 581 424 expressit
600 377 751 415 Rammius,
773 377 805 407 &
821 385 913 420 quam
923 382 1096 416 temporum
1109 381 1185 416 prae-

442 424 537 461 buisse
554 423 706 459 contendit
717 421 923 456 dimensiones.
972 419 1040 452 Nos
1064 416 1186 468 ulterius

443 487 506 508 non
521 472 699 520 agitabimus
716 469 954 517 quaestionem,at
963 465 1022 500 five
1037 465 1109 499 hinc
1127 467 1187 498 live

444 523 524 555 illinc
543 518 745 565 processerint,
768 528 884 551 certum
901 515 943 550 est
963 515 1016 549 sub
1039 512 1189 548 Constan-

444 571 509 602 tino
519 567 640 615 coepisse
652 570 808 600 brdsfflones
825 564 890 599 sieri
903 563 1187 608 chronologicas‚&

444 618 483 651 ab
500 630 538 650 eo
554 615 721 661 computari
736 626 827 654 anno,
839 626 901 660 quo
913 612 1056 647 libertatis
1073 609 1187 658 accepit

445 664 645 712 primordium
664 663 769 708 religio
796 661 985 696 Christiana:
1026 660 1082 695 scil.
1107 672 1188 693 anno

444 712 631 747 Constantini
651 711 744 756 7.vel
765 710 796 745 8.
815 710 844 744 id
865 709 920 752 est,
944 710 1071 744 Domini
1095 707 1190 742 nostri

452 773 491 805 31
504 773 533 794 2.
557 760 606 793 vel
623 773 661 805 31
674 772 703 805 3.
727 759 776 793 Sic
794 762 826 793 δε
844 759 965 793 Nicaeni
982 757 1113 792 Concilii
1137 769 1190 790 au-

445 809 587 842 thoritate
605 807 773 842 institutum
789 805 930 849 afferunt,
950 807 1068 841 sublatis
1080 806 1191 852 Olym-

446 856 591 903 piadibus,
615 869 688 902 quas
717 857 934 902 Hieronymus
953 866 1056 889 tamen
1082 855 1114 888 in
1138 853 1191 888 suo

447 905 603 939 Chronico
617 905 754 951 deinceps
773 915 911 938 numerat
923 928 936 947 .,
959 903 1074 937 nullam
1091 903 1129 936 de
1147 909 1192 936 In-

448 956 606 988 ds'fflom‘bux
624 954 809 987 mentionem
829 951 946 986 faciens.
972 955 1078 986 Annus
1090 962 1192 986 autem

448 1003 575 1036 Domini
593 1001 685 1035 nostri
703 1001 840 1035 nondum
860 1002 889 1034 in
914 1001 966 1034 usu
984 998 1049 1034 fuit.
1099 1001 1193 1033 Hunc

448 1051 576 1084 enimin
591 1049 751 1084 Ecclesiam
762 1050 874 1084 invexit
894 1049 1028 1095 primum
1053 1046 1194 1093 Dionysi—

449 1112 483 1133 us
497 1100 631 1146 Exiguus
650 1099 752 1132 Abbas
770 1100 941 1140 Romanus,
963 1100 1056 1132 Anno
1074 1097 1127 1144 qui
1145 1096 1195 1130 de-

450 1148 550 1193 inceps
575 1148 700 1181 Domini
728 1147 882 1193 inscriptus
911 1145 955 1180 est
972 1172 982 1188 ,
1014 1158 1097 1193 532.
1123 1158 1195 1180 curn

451 1196 541 1230 exost)
556 1195 733 1229 Dioclesiani
751 1196 870 1242 tyranni
898 1195 1015 1228 nomini
1035 1194 1197 1239 oppedens,

458 1245 529 1278 anni
545 1243 673 1290 ejusdem
692 1244 871 1277 memoriam
887 1242 926 1277 ab
960 1242 1099 1287 encycliis
1130 1243 1196 1276 Pas:

453 1292 585 1326 chalibus
596 1305 664 1338 quae
675 1302 747 1326 tunc
762 1291 940 1326 moliebatur
958 1291 1072 1333 Abbas,
1095 1290 1198 1337 explo-

456 1339 547 1374 deret.

501 1388 561 1423 Sed
579 1389 705 1436 penitius
722 1389 814 1437 paulo
826 1389 980 1423 videamus
994 1389 1054 1423 utri
1083 1389 1100 1422 ὲ
1121 1400 1198 1434 prae-

453 1435 523 1471 fatis
543 1439 627 1472 annis
645 1439 763 1472 initium
775 1438 938 1472 tribuemus
951 1439 1106 1471 Indifflonis
1118 1436 1199 1471 istius

453 1486 696 1532 Chronologicae.
744 1487 822 1520 Non
847 1485 930 1532 quod
951 1499 1001 1520 me
1032 1486 1063 1519 in
1092 1483 1199 1532 suppu-

411 1540 414 1542 ’
454 1535 535 1568 tandi
553 1535 672 1581 laqueos
689 1535 820 1580 (quibus
835 1534 1007 1569 anhelantes
1020 1534 1092 1568 alios
1108 1538 1141 1568 &
1159 1533 1199 1567 ad

453 1582 628 1630 sanguinem
644 1584 720 1629 pene
732 1582 910 1617 desudantes
935 1581 1135 1625 miseremur)
1156 1582 1200 1616 in-

453 1643 560 1677 gemm
575 1646 581 1665 :
603 1631 651 1665 sed
666 1642 699 1665 ut
716 1631 854 1666 addustis
864 1630 1064 1666 diffidentium
1081 1631 1199 1677 opinio-

455 1680 554 1721 nibus,
578 1681 622 1714 tui
643 1679 679 1714 sit
708 1680 819 1726 eligere
849 1681 1005 1726 potiorem.
1052 1678 1200 1714 Onufrius

455 1722 538 1762 suam
555 1727 610 1772 (ut
627 1728 746 1763 dietum
762 1727 822 1771 est)
833 1728 949 1762 orditur
957 1729 1198 1775 fiipputationem

455 1775 473 1810 ὲ
494 1777 646 1811 Maxentii
661 1777 755 1818 caede,
777 1780 809 1811 &
822 1777 973 1812 vindicata
985 1777 1050 1824 jam
1067 1778 1097 1811 in
1110 1777 1199 1812 liber-

454 1834 549 1858 tatern
562 1825 707 1872 religione
717 1825 904 1860 Christiana:
915 1839 1044 1874 eamque
1062 1825 1133 1861 alias
1144 1839 1198 1874 po-

455 1873 499 1906 nit
517 1876 609 1908 Anno
639 1873 753 1909 Christi
776 1887 855 1920 313.
891 1873 960 1909 alias
973 1875 1004 1908 in
1031 1874 1196 1910 Consulatu

455 1921 646 1956 Constantini
673 1936 704 1958 2.
735 1927 766 1957 ὃς
794 1924 913 1958 Licinii.
980 1924 1097 1958 Eusebii
1122 1924 1198 1958 vero

455 1970 642 2011 Chronicon,
667 1972 698 2004 in
722 1974 779 2004 An.
811 1985 891 2017 315.
914 1973 1059 2006 Baronius
1087 1973 1118 2005 in
1140 1975 1197 2006 An.

461 2029 542 2063 312.
577 2017 744 2051 Onufrium
780 2019 940 2065 sequuntur
964 2019 1063 2061 multi,
1086 2023 1118 2053 &
1153 2020 1198 2053 his

457 2065 516 2098 una
528 2066 652 2099 Savilius
668 2066 767 2100 noster
785 2067 813 2099 in
828 2067 882 2100 suis
908 2065 987 2101 fastis
1006 2083 1014 2099 .·
1050 2080 1125 2113 quos
1159 2067 1197 2101 ab

457 2115 583 2160 antiquis
617 2116 738 2148 Chartis
758 2115 833 2161 saepe
861 2115 1069 2150 animadverto
1094 2115 1199 2150 discre-

455 2158 618 2207 pantes,sed
637 2165 671 2196 8<
691 2163 820 2196 Chartas
836 2163 986 2209 saepiffime
1003 2164 1042 2197 ab
1059 2165 1198 2198 omnium

456 2209 544 2243 fastis.
593 2208 761 2244 Onufrium
778 2209 830 2245 fibi
858 2211 1027 2245 reconciliat
1055 2212 1199 2246 Baronius

455 2258 603 2292 dicentem
617 2259 646 2292 in
656 2258 749 2293 Fastis
760 2260 826 2301 suis,
837 2260 1036 2293 Consulatum
1050 2259 1199 2294 Constan-

457 2308 510 2340 tini
527 2308 654 2341 ltcundo
672 2313 701 2341 ὅ(
716 2308 837 2349 Licinii,
860 2307 1016 2355 contigiffe
1036 2312 1094 2342 An.
1105 2310 1197 2343 Dom.

459 2368 498 2400 31
511 2369 540 2389 2.
565 2357 739 2390 Reducatur
753 2358 844 2391 etiarn
870 2357 908 2391 ad
926 2358 1008 2391 hunc
1021 2357 1116 2403 ipsum
1135 2360 1199 2391 An-

453 2417 529 2438 num
542 2405 660 2438 Eusebii
677 2405 859 2440 Chronicou.
906 2407 993 2440 Nam
1010 2405 1200 2442 Caffiodorus

456 2452 487 2485 in
498 2453 653 2487 Chronico
671 2454 723 2487 fiio
735 2455 774 2488 de
786 2455 912 2489 Galerio
930 2466 1014 2502 patre
1028 2459 1059 2488 ὃ(
1074 2455 1199 2489 anteces-

457 2500 519 2534 sore
536 2501 737 2544 Constantini,
754 2503 865 2537 scribit:
895 2506 964 2549 quod
978 2518 1038 2537 cum
1056 2504 1117 2547 effet
1134 2511 1199 2538 otio-

447 2550 508 2589 fiaes,
528 2555 595 2582 anni
610 2553 684 2594 ipfius
709 2550 779 2594 (cui
797 2553 920 2587 tertium
941 2551 1093 2596 numerat)
1121 2554 1200 2593 ascri-

456 2598 555 2631 buntur
562 2599 623 2637 filio
639 2603 690 2641 ejus
706 2603 883 2643 Constantino.
932 2603 1072 2648 Demptis
1107 2601 1200 2646 igitur

456 2645 549 2678 tribus
561 2646 600 2679 ab
613 2647 706 2681 Amio
723 2660 739 2693 3
751 2661 763 2682 1
774 2660 804 2694 5.
821 2662 913 2695 quem
930 2650 979 2683 hic
998 2649 1200 2684 Constantino

457 2694 542 2738 ponit
560 2694 845 2738 Eusebius‚remanet
855 2696 987 2731 similiter
1001 2700 1107 2732 Annus
1119 2711 1134 2745 3
1147 2712 1199 2734 12.

455 2743 595 2776 omnium
611 2740 721 2778 assensu
752 2745 930 2780 inchoandae
950 2749 1092 2781 Indz'Hiom‘
1108 2748 1200 2781 tribu-

456 2791 558 2824 endus.
567 2791 722 2839 Siquidem
736 2793 766 2826 in
779 2794 955 2828 Amandino
973 2794 1091 2829 Eusebii
1102 2796 1201 2829 Chro-

457 2840 523 2872 nico
543 2841 611 2874 MS.
631 2841 837 2889 paragraphus
853 2842 891 2876 de
920 2843 1047 2877 Galerio
1059 2857 1120 2878 non
1132 2857 1200 2878 om-

457 2886 530 2921 nino
546 2888 692 2923 habetur:
717 2890 765 2924 sed
791 2890 929 2938 impresso
955 2892 1051 2926 codici
1081 2905 1119 2927 ex
1138 2894 1200 2927 aliis

457 2935 576 2969 additur
594 2936 612 2970 a
630 2938 754 2981 Miraeo,
781 2940 841 2973 hoc
858 2939 905 2984 (ut
921 2941 962 2974 ait
975 2937 998 2982 )
1014 2942 1201 2987 approbante

457 2983 616 3034 ScaligerO.
664 2989 745 3022 Rem
758 2988 843 3022 doffi
859 3000 973 3030 curent,
990 3001 1051 3036 ego
1068 2991 1200 3025 transeo:

459 3030 506 3063 sed
525 3032 638 3077 insigne
655 3035 860 3071 testimonium
872 3037 954 3083 quod
967 3038 984 3071 ὲ
997 3036 1076 3072 fastis
1085 3040 1201 3073 Graecis

460 3079 585 3130 protulit
597 3081 759 3124 Onufrius,
782 3083 831 3117 hic
855 3086 998 3130 adjiciens.
1046 3087 1094 3121 Sic
1118 3088 1201 3122 enim

457 3126 506 3175 ille
525 3126 576 3158 sub
592 3129 790 3164 Constantino
811 3144 842 3166 2.
861 3137 892 3166 ὃ(
918 3135 1037 3167 Licinio
1065 3148 1095 3169 2.
1120 3135 1202 3171 Coss]

461 3172 541 3225 ranis
556 3176 670 3210 Latinis
682 3178 751 3212 illud
763 3179 867 3224 paffirn
884 3181 921 3215 ad
940 3184 998 3216 An.
1011 3183 1103 3217 Dom.
1119 3197 1135 3229 3
1147 3198 1159 3219 1
1170 3198 1201 3221 2.

463 3222 663 3257 referentibus.

463 3318 642 3355 'xvdin‘lwzscii'r
656 3320 869 3358 Karm'hmvcb·
872 3338 885 3357 ν
895 3324 1025 3362 &aecana
1045 3325 1125 3370 σῖρχῖ.

461 3416 476 3449 ir
502 3419 677 3451 India‘h'omtm
687 3420 932 3464 Constantiniarum
954 3420 1016 3454 hinc
1029 3422 1175 3455 exordium.

1234 367 1290 402 νόν
1303 367 1331 401 le
1355 368 1422 402 ‘tur.

1284 379 1447 461 Diguifito
1459 416 1525 464 jam
1543 419 1636 452 Anno
1654 443 1665 460 ,
1689 416 1866 466 repertoque
1893 418 1977 455 fuiffe
1995 433 2058 469 Quo
2070 427 2172 463 mense,

1234 462 1350 497 Christi
1364 476 1380 509 3
1391 478 1404 498 1
1414 478 1445 500 2.
1469 466 1509 500 ad
1527 466 1660 502 mensem
1677 469 1712 501 δί
1722 466 1803 501 diem
1816 467 1978 503 inchoatio·
1996 478 2050 507 qua
2064 466 2209 511 &aprima

1235 511 1279 544 nis
1298 513 1536 557 progrediamur.
1584 516 1669 550 Cum
1680 525 1783 550 autem
1799 515 1838 550 de
1857 515 1902 549 his
1919 529 1982 552 non
1998 508 2084 546 εαῗΡἰῐζ
2093 505 2206 543 lumbo·

1236 560 1380 593 convenit
1396 561 1474 595 inter
1501 563 1665 609 Imperium
1687 564 1842 599 Orientale
1867 567 1899 598 &
1926 565 1984 598 Ec-

1236 606 1354 642 clesiam
1373 610 1565 644 Romanam:
1589 611 1700 658 duplex
1714 613 1785 647 inde
1814 622 1919 647 exorta
1939 611 1983 646 est

1237 657 1308 690 anni
1323 660 1502 692 Indiuionalo
1519 659 1630 707 origo:
1652 666 1826 705 Imperatoria
1843 665 1876 696 &
1892 664 1983 695 Eccle-

1228 708 1346 750 fiastica.

1285 757 1399 788 Indifflo
1411 761 1585 802 Imperatoria
1615 758 1687 802 (qua
1706 756 1751 791 usi
1767 758 1834 793 fimt
1844 760 1985 805 ,Impera-
1999 768 2084 807 Apud
2093 768 2211 798 Graecos.

1239 812 1318 836 tores
1338 804 1442 839 Graeci
1456 805 1505 839 seu
1517 803 1698 844 Orientales)
1709 804 1798 851 juxta
1804 805 1982 849 Onufrium²

1239 850 1437 898 Scaligerum,
1465 853 1642 894 Baronium‚
1651 852 1862 900 receptamque
1879 855 1982 900 paffim

1239 899 1424 944 opinionem,
1451 902 1469 937 8
1495 901 1562 936 Cal.
1590 900 1706 937 octob.
1734 902 1765 936 id
1783 901 1837 943 est,
1863 901 1912 937 die
1931 916 1978 948 24

1239 948 1390 992 Septemb.
1409 950 1588 992 exorditur,
1611 950 1729 985 ratione
1764 963 1838 986 mox
1864 948 1993 985 inferius.

1242 994 1412 1032 adferenda.

1291 1048 1404 1079 Indtfflo
1423 1049 1603 1090 Ecclefiastica
1616 1048 1666 1082 seu
1679 1055 1810 1091 Qmana,
1834 1047 1851 1082 ὲ
1867 1047 1992 1082 Calend.

1238 1094 1382 1138 Janua1·ii,
1391 1094 1421 1128 id
1431 1094 1474 1129 est
1488 1120 1499 1136 ‚
1519 1106 1566 1140 14
1587 1095 1636 1130 die
1662 1097 1850 1139 Decembris,
1872 1097 1993 1131 initium

1243 1140 1373 1188 sumpsit.
1421 1143 1504 1178 Audi
1515 1143 1554 1177 de
1567 1154 1695 1191 utraque
1712 1146 1879 1180 Petavium.
1911 1151 1994 1178 Initi-

1243 1204 1289 1225 um
1303 1193 1364 1224 vero*
1381 1194 1572 1234 Indifflonum,
1595 1196 1668 1228 idem
1686 1197 1754 1239 quod
1770 1200 1836 1228 armi
1846 1199 1907 1235 fuit
1924 1209 1930 1229 ε
1940 1197 1993 1236 fic-

1244 1252 1294 1284 que
1307 1245 1421 1282 Kamani
1427 1244 1636 1287 pqllsolstitium
1653 1245 1766 1276 hiemale
1780 1268 1791 1284 ,
1807 1248 1893 1276 Graeci
1906 1243 1924 1275 ἃ
1935 1249 1994 1288 pri-

1245 1302 1292 1320 ma
1309 1291 1444 1322 lunatione
1451 1293 1508 1335 post
1524 1295 1709 1335 aequinofflum
1727 1295 1899 1333 atttumnale,
1925 1305 1994 1324 com-

1238 1348 1371 1381 putarunt
1388 1340 1552 1372 Indiffiones.
1599 1338 1720 1384 Cu¹mque
1738 1342 1784 1383 asti
1795 1341 1892 1380 menses
1910 1340 1994 1373 mobi-

1246 1388 1284 1417 les
1305 1399 1356 1417 non
1366 1387 1453 1427 fixos,
1475 1398 1506 1419 ut
1519 1392 1634 1429 Romani
1653 1388 1819 1430 habuerint3
1839 1388 1992 1433 pri'muffiue

1246 1446 1334 1466 eorum
1352 1437 1456 1474 mensis,
1481 1436 1515 1466 ab
1540 1435 1595 1478 ipfiz
1618 1441 1710 1480 prima
1725 1439 1861 1470 lunatione
1883 1440 1941 1481 post
1958 1452 1993 1469 ιε-

1247 1485 1409 1525 φιίηοὲῗίιινη
1429 1484 1583 1516 autumnale
1596 1488 1712 1527 caeperit,
1729 1496 1789 1527 quae
1805 1495 1836 1516 ut
1842 1485 1992 1527 plurimum

1251 1540 1302 1574 24
1319 1532 1447 1576 Septemb.
1466 1531 1643 1576 contingebat,
1658 1534 1765 1571 fagum
1776 1533 1813 1573 cst
1829 1542 1859 1564 ut
1871 1536 1993 1573 Romana

1247 1580 1373 1623 indictio,
1391 1582 1477 1613 aliam
1494 1581 1616 1625 epocham
1630 1592 1712 1625 quam
1737 1584 1831 1612 Graeca
1862 1580 1993 1613 habuerit.

1249 1626 1375 1662 Graecarn
1387 1640 1478 1662 autem
1490 1630 1578 1669 secuti
1593 1629 1659 1669 fient
1688 1633 1738 1674 qui
1762 1631 1818 1673 post
1841 1631 1993 1670 Constanti-

1247 1689 1311 1710 num
1328 1683 1499 1723 Imperatores
1517 1681 1618 1718 fuere,
1640 1682 1737 1722 quique
1767 1691 1855 1710 eorum
1882 1682 1993 1722 imperio

1238 1726 1367 1769 fiaebdt'ti5
1391 1726 1426 1762 &
1443 1733 1485 1760 ita
1518 1728 1699 1771 acctpiendum
1713 1752 1723 1767 ‚
1754 1728 1824 1771 quod
1846 1726 1995 1766 Ambrosius

1246 1780 1373 1808 meminit
1387 1801 1399 1821 ²
1423 1774 1604 1809 indictiones
1621 1774 1719 1808 mense
1732 1774 1902 1820 Septembri
1920 1775 1992 1807 inci-

1247 1834 1324 1867 pere.
1375 1831 1416 1858 At
1431 1829 1547 1867 Romani
1564 1825 1814 1869 Pontaficessemper
1823 1826 1906 1864 fitam
1924 1829 1990 1857 reti-

1245 1884 1336 1914 nuere,
1358 1875 1493 1919 adhucque
1506 1874 1581 1904 hodie
1595 1877 1719 1906 retinent.
1769 1873 1847 1906 Haec
1864 1871 1921 1905 ille.

1294 1920 1438 1955 Retinent
1455 1926 1486 1956 ὃς
1500 1922 1698 1966 Imperatores
1707 1920 1912 1954 Occidentales
1926 1921 1990 1954 Ro-

1246 1980 1370 2002 manam
1386 1973 1559 2003 Indifbonem
1577 1994 1587 2009 ,
1612 1981 1651 2001 ex
1664 1982 1725 2016 qua
1750 1982 1812 2002 non
1837 1968 1989 2001 mediocre

1245 2014 1433 2050 beneficium.
1481 2014 1534 2050 Est
1551 2016 1633 2048 enim
1649 2016 1731 2049 velut
1748 2015 1880 2049 anchora
1902 2017 1990 2049 chro-
2003 2009 2166 2042 ffidifll'mum

1245 2062 1395 2109 nologicae
1407 2063 1622 2112 supputationis
1639 2089 1650 2105 ,
1673 2068 1705 2098 ὃ(
1725 2063 1812 2097 fidele
1835 2065 1866 2097 in
1885 2063 1989 2098 instru-
2003 2049 2074 2080 usus·

1247 2112 1355 2145 mentis
1367 2112 1510 2147 datorum
1528 2123 1653 2145 examen
1668 2126 1675 2146 ε
1699 2112 1807 2158 quibus
1824 2112 1892 2145 ideo
1915 2113 1988 2158 poni

1246 2156 1400 2192 consuevit
1430 2171 1464 2194 ut
1494 2161 1525 2193 in
1552 2158 1657 2193 Gloffa
1692 2159 1800 2193 dicitur
1834 2159 1872 2193 ad
1899 2162 1988 2194 Decr.

1247 2207 1343 2253 Greg.
1361 2207 1411 2241 lib.
1429 2222 1459 2243 2.
1472 2209 1538 2242 Tit.
1553 2219 1610 2240 22.
1623 2220 1666 2242 ca.
1685 2209 1719 2242 6.
1766 2209 1801 2241 In
1826 2208 1920 2243 tribus
1936 2221 1988 2243 au-

1246 2266 1309 2289 tem
1328 2257 1464 2291 maximo
1477 2258 1560 2291 venit
1576 2255 1642 2290 usu:
1669 2256 1724 2290 scil.
1743 2256 1774 2290 in
1796 2256 1961 2304 privilegiis
1978 2283 1989 2299 ,

1247 2304 1278 2337 in
1293 2317 1380 2339 cereo
1392 2306 1535 2348 Paschali,
1557 2308 1589 2339 &
1603 2305 1633 2339 in
1652 2304 1852 2339 Ecclesiarum
1871 2306 1988 2341 dedica-

1247 2353 1384 2387 tionibus.

1297 2402 1413 2437 Modus
1431 2404 1600 2438 inveniendi
1618 2405 1793 2438 Romanam
1818 2407 1989 2438 Indiflionem
2006 2409 2108 2438 Modus
2130 2409 2208 2438 inve-

1247 2448 1290 2483 est
1302 2449 1480 2496 hujusmodi.
1525 2452 1614 2485 Adde
1638 2465 1653 2497 3
1670 2451 1709 2485 ad
1726 2455 1850 2486 Annum
1861 2453 1988 2486 Domini
2005 2449 2099 2478 ”fiendi
2117 2448 2218 2478 Indisti-

1246 2499 1331 2545 (quia
1343 2500 1492 2533 Dominus
1501 2499 1600 2534 noster
1616 2500 1648 2532 in
1673 2510 1700 2544 4
1726 2503 1882 2534 IndiHionis
1908 2513 1989 2534 anno
2004 2498 2069 2518 ‘mes‘

1248 2547 1420 2593 perhibetur
1438 2549 1537 2587 natus)
1559 2548 1666 2581 deinde
1692 2557 1791 2581 totum
1812 2547 1913 2582 divide
1932 2561 1987 2594 per

1254 2609 1265 2629 1
1279 2608 1311 2640 5,
1333 2599 1364 2630 ὃ(
1392 2595 1543 2631 refiduum
1572 2596 1656 2630 dabit
1686 2608 1797 2630 annum
1825 2600 1989 2631 Indifflom's.

1247 2645 1278 2678 Si
1297 2644 1355 2678 hoc
1386 2645 1460 2679 nihil
1476 2643 1587 2688 fuerit,
1612 2644 1688 2690 ipsus
1717 2657 1809 2678 annus
1835 2649 1989 2679 Indt'e'liom's

1247 2693 1290 2727 est
1309 2693 1438 2728 ultimus.
1486 2693 1536 2728 Ad
1552 2695 1694 2727 Graecam
1714 2696 1886 2727 Ιηᾱῑέὶίοηεηι
1907 2696 1989 2727 inve—

1248 2743 1423 2787 niendam4
1436 2743 1500 2777 sunt
1514 2741 1664 2783 addendi,
1679 2745 1738 2776 &c⁹
1789 2740 1931 2776 Versibus
1949 2741 1987 2776 fic

1247 2793 1415 2836 exponitur.

1247 2894 1278 2923 Si
1286 2900 1335 2934 per
1346 2893 1490 2935 quindenos
1501 2895 1613 2923 Domini
1626 2889 1747 2929 divzfiris
1759 2903 1853 2929 annos,

1247 2942 1295 2971 Ha
1315 2940 1401 2972 tribus
1412 2942 1554 2982 adJunHis,
1575 2940 1688 2972 Indino
1700 2949 1772 2971 certa
1780 2938 1893 2983 patebit.

1247 2991 1278 3020 Si
1295 2990 1367 3021 nihil
1375 2991 1494 3028 excedit,
1516 2990 1650 3033 quindena
1669 2989 1781 3020 Indiftio
1792 2993 1886 3020 cur-rit.

1297 3084 1417 3118 Dicitur
1438 3088 1551 3119 Indfflio
1567 3089 1598 3120 ὃ(
1619 3084 1658 3118 de
1670 3094 1737 3118 toto
1762 3076 1988 3129 quindecennali
2005 3089 2167 3121 [nh-[lionam

1248 3132 1334 3174 ciclo,
1357 3137 1389 3167 ὃ(
1402 3133 1440 3168 de
1452 3135 1587 3181 quolibet
1604 3132 1734 3180 ejusdem
1743 3142 1840 3171 anno,
1865 3138 1898 3161 ut
1906 3136 1988 3172 patet
2004 3132 2109 3175 duplex
2120 3127 2216 3169 signifi-

1248 3182 1280 3216 in
1291 3180 1388 3216 Gloff
1403 3181 1442 3217 ad
1458 3183 1537 3218 Cod.
1554 3183 1604 3217 lib,
1628 3195 1655 3216 1.
1667 3180 1734 3214 Tit.
1747 3177 1816 3211 2.de
1829 3174 1989 3219 Justssxl
2004 3177 2085 3200 casso-

1249 3229 1353 3266 confir.
1366 3229 1391 3275 §.
1409 3229 1459 3265 fin.
1475 3231 1528 3265 ubi
1539 3231 1630 3265 etiarn
1646 3236 1767 3260 notatur
1791 3223 1875 3271 quod
1899 3224 1991 3258 tabel-

1250 3277 1342 3311 liones
1358 3279 1400 3319 (h.
1419 3279 1529 3314 notarii
1546 3273 1668 3325 publici)
1701 3285 1772 3306 cum
1798 3273 1899 3307 dicant
1912 3299 1924 3315 ‚
1945 3279 1990 3306 In·

1250 3329 1363 3359 du‘lione
1369 3332 1474 3371 prima,
1497 3330 1541 3361 vel
1547 3325 1662 3367 secunda
1672 3325 1703 3354 in
1720 3324 1902 3364 inst-sumentis
1917 3337 1926 3352 .·
1947 3327 1990 3354 in-

1249 3377 1380 3420 tellzgitur
1390 3381 1497 3420 primm
1514 3373 1562 3407 vel
1570 3372 1697 3414 secundus
1712 3383 1796 3405 annus
1811 3373 1966 3405 Indifflonis
1981 3393 1992 3409 ‚

1254 3420 1311 3456 &cz
1752 3422 1757 3425 ”

1875 3463 1989 3510 Diony-
