2305 3809
604 222 1513 337 *GLOSSARIUMJ

1906 256 2013 344 283

81 552 199 582 Foeciales
218 560 269 589 per

80 600 109 620 ω
127 590 289 627 diphthong.

82 1269 222 1304 Sceptrum
243 1266 294 1294 Cc-

84 1307 219 1343 rycunr‚1eu
242 1308 296 1335 Ca-

6 1347 9 1371 l
82 1347 246 1375 ducatorum.

84 1649 215 1685 Cerycium
222 1648 297 1686 quid.

97 3105 186 3142 Virgae
209 3106 288 3143 ronse-

97 3153 184 3175 crltae·

356 397 472 430 Verbena
488 395 617 442 (inquitl
622 396 727 440 proprie²
745 397 781 436 est
793 394 873 426 herba
879 395 970 433 fizcra,
975 395 1051 432 ficm-

302 457 354 490 pta
372 447 403 476 dc·
418 446 468 475 loco
477 444 553 483 fitero
566 446 704 487 Capitolii,
710 455 763 487 qua
774 441 961 473 coronabantur
970 445 1052 473 Foeci-

307 496 374 532 ales,
395 491 428 526 &
444 492 876 537 Paterpatratusfoederafacluri,
898 490 941 521 vel
957 489 1051 522 bellum

307 543 446 573 indzHurz‘.
463 539 541 573 Haec
549 538 586 571 de
596 537 754 577 fecialibus,
765 548 857 581 quam
875 549 929 569 nos
942 547 1050 571 vocem

310 601 364 634 per
373 587 597 633 diphthongum
608 597 669 618 non
677 585 877 625 scribimusffle
886 584 924 618 ad
933 582 1051 620 foedera

309 645 472 683 pangentes
488 633 677 669 ibiummodo
699 632 932 680 restringeretur.

309 733 411 777 Qare
442 732 555 764 Heraldi
585 732 708 764 dicuntur
726 736 830 776 Reges.-
859 739 891 761 ac
915 727 993 773 pritis
1017 730 1050 760 de

531 780 646 824 sceptris
659 785 792 819 Cerycum.

361 873 468 910 Fusius
486 876 517 909 in
536 877 710 909 Heraldorum
728 872 857 919 gratiam
868 870 998 910 dissei-ui,
1016 881 1050 905 ut

313 936 376 959 tam
389 925 520 958 muneris
531 935 622 969 quam
632 921 760 955 nominis
770 922 918 954 rationem
928 919 945 954 ὲ
953 931 1050 953 veter-

313 974 394 1007 rimis
406 972 558 1006 ducerem.
572 971 679 1010 Qiare
689 979 793 1003 autem
805 969 947 1003 dicuntur
958 975 1052 1014 Reges,

312 1032 365 1055 aut
373 1020 506 1054 nondum
515 1017 665 1064 affequor,
680 1028 732 1051 aut
744 1018 824 1051 certe
841 1018 955 1052 dubius.
987 1019 1051 1051 Co-

314 1069 412 1103 ronari
429 1080 478 1100 eos
490 1066 591 1107 video,
614 1069 646 1100 &
665 1066 846 1109 confici-ari,
870 1070 902 1100 &
933 1077 1052 1113 torque,

310 1121 342 1150 ὃ(
356 1114 520 1161 insignibus
552 1116 647 1161 Regis
665 1114 747 1148 indui
761 1128 767 1148 :
803 1115 917 1162 sceptro
949 1125 1052 1148 tamen

311 1163 487 1210 (potestatis
503 1163 650 1210 symbolo,
660 1173 693 1196 ut
705 1164 821 1209 antiqui
832 1162 950 1207 Ceryces)
989 1176 1051 1197 non

311 1213 426 1246 donari.
454 1212 512 1246 Sed
534 1219 640 1253 Ce7yce5
662 1211 737 1258 ipsos
753 1212 899 1259 nusquam
934 1213 1051 1257 reperio

313 1263 414 1307 Reges
422 1260 602 1307 appellatos:
627 1273 682 1295 nec
695 1259 837 1302 ciciivr‘lgyv
855 1262 971 1295 Graecis
993 1261 1053 1294 vir-

313 1322 388 1357 gam
406 1311 539 1356 Regiam
558 1309 748 1343 splummodo
764 1319 880 1350 notare,
897 1308 946 1342 sed
961 1309 1052 1342 aliam

314 1357 481 1405 quamlibet
494 1374 503 1389 .·
528 1357 603 1391 adeo
623 1368 657 1390 ut
670 1358 825 1390 Homerus
850 1358 882 1390 in
906 1355 1012 1404 OdyssJ
1028 1371 1050 1392 ν.

313 1407 396 1441 illam
414 1405 634 1446 mendicorum,
647 1405 787 1447 on'rivr'lgov
804 1417 965 1452 nuncupat.
977 1413 1054 1442 Ceri-

313 1470 375 1489 cum
391 1464 495 1489 autem
508 1455 595 1501 quale
613 1452 681 1495 fuit,
693 1453 842 1501 descripsit
862 1455 977 1497 Suidas‚
1000 1469 1055 1490 no-

315 1517 386 1538 men
405 1504 432 1537 ei
449 1503 468 1538 Ξι
484 1503 638 1543 latoribus,
648 1501 715 1546 impis
718 1515 789 1536 netov
805 1504 971 1549 imponens.
1001 1513 1054 1538 Kn-

315 1552 425 1593 ςώιειον
445 1551 457 1596 (
477 1552 596 1597 inquit)
624 1550 714 1592 ξύλον
733 1553 796 1596 ’ἔχιν
817 1552 982 1595 ἒχςῆἑρωθεν
1006 1554 1054 1586 M

316 1597 390 1640 'aspen
405 1599 677 1645 πριπῑπληγμὲνιςς,
702 1602 727 1645 ιζ,
752 1600 976 1642 οὶνππςρσῷωες
997 1603 1056 1634 ἀλ-

315 1649 410 1685 λήλοις
425 1648 624 1689 κειμένκς,ὅῐς.
658 1648 692 1682 Id
709 1647 760 1682 est.
772 1654 908 1689 Cerycium
925 1653 1010 1690 (nam
1023 1652 1055 1684 &

315 1695 354 1730 sic
389 1708 478 1731 vocat
493 1696 672 1742 Justinianus
688 1697 809 1743 virgam
834 1698 989 1744 Cerycum
1007 1699 1056 1732 seu

315 1742 572 1788 caduceatorum)
588 1746 695 1778 baculus
707 1749 744 1788 est
761 1752 886 1791 utrinque
904 1748 1001 1780 habens
1009 1749 1057 1780 dm-

317 1809 344 1826 os
356 1795 492 1841 serpentes
515 1797 646 1840 implexos
657 1818 669 1834 ,
697 1794 867 1833 &faciebus
883 1799 1000 1828 invicem
1009 1797 1058 1828 ad-

318 1844 416 1883 vcisbs:
436 1856 515 1888 quem
534 1848 666 1876 Praecones
674 1842 725 1876 seu
735 1847 841 1882 Ceryces
850 1843 977 1883 ferebant
990 1859 998 1875 .·
1011 1857 1058 1877 nec

311 1896 359 1933 fas
377 1904 435 1925 erat
451 1906 490 1924 eos
503 1893 615 1931 violare,
629 1903 781 1936 quocunque
796 1897 926 1926 venirent.
945 1891 1039 1926 Addit
1051 1906 1058 1926 ε

317 1943 418 1973 retium
432 1940 553 1974 baculum
569 1939 644 1972 inter
654 1941 924 1986 adversbsserpentes:
940 1940 1058 1975 reCi'am

320 1989 470 2021 rationem
487 1998 592 2021 notare
604 2013 614 2028 ‚
645 1989 723 2021 inter
748 1988 885 2022 adversps
902 1989 1060 2031 exercitus,

318 2035 543 2079 observandam.
568 2036 627 2076 En,
645 2036 803 2069 Mercurio
812 2036 894 2077 sacri,
912 2038 1061 2070 Mercurii

319 2095 430 2131 gerunt
447 2082 563 2130 insigne
578 2096 588 2126 3
611 2084 730 2118 clientes
749 2085 867 2130 patroni
884 2084 1060 2127 caduceum,

320 2134 370 2167 seu
389 2134 509 2178 virgam
526 2132 679 2166 sacratam.
703 2133 775 2166 Hoc
792 2131 873 2166 idem
887 2132 982 2177 Julius
992 2134 1060 2168 Pol-

322 2183 375 2215 lux
392 2181 441 2215 lib.
458 2180 601 2225 8.legatis
619 2181 731 2214 tribuit.
766 2180 913 2221 Kngv'neiov
940 2182 1060 2228 (inquit)

325 2230 435 2270 φοξῆμα
449 2225 478 2263 siv
498 2229 544 2266 ‘1⁹⁰ss
554 2241 612 2270 farge
620 2229 720 2270 σβξων,
735 2228 751 2261 i.
773 2235 908 2270 Cerycium
927 2232 964 2271 est
972 2233 1061 2275 gesta-

319 2291 383 2315 men
400 2282 554 2322 legatorum.

371 2326 459 2359 Philo
469 2325 588 2369 Judaeus
602 2325 652 2359 lib.
668 2325 706 2359 de
725 2326 876 2372 legatione
893 2325 931 2361 ad
948 2327 1061 2362 Caium

322 2374 423 2408 Ποίων
445 2374 586 2414 κηρύκειον
613 2373 828 2413 ἀναλααβεένει,
854 2377 975 2420 ‹ll-*yma
988 2389 1061 2419 συμ-

323 2422 462 2458 βαιπγεῖων
478 2423 615 2458 σπονέἰῖν.
628 2424 748 2465 πόλεμοι
764 2424 794 2466 210¹
804 2426 910 2468 ἀνοχάς
921 2428 945 2470 ig}
955 2424 1062 2458 Qad-

323 2484 379 2505 σεις
398 2473 560 2512 λαμβάνω
585 2474 637 2504 δὶαῒ
665 2474 784 2513 κηρύκων
817 2473 920 2514 sienim
950 2478 1062 2511 &3⁷9²-

324 2518 416 2557 μένων·
427 2519 457 2551 οἱ
469 2524 488 2559 '0¹
503 2519 677 2560 dniiqvn7&,
690 2524 842 2564 συμφοξρδς,
865 2525 954 2557 omae
963 2521 1060 2557 υπίτκς

321 2565 520 2611 εἰπεςγκῖζονζῇ,
545 2570 570 2613 153
589 2570 642 2603 πῒς
660 2570 855 2611 ἀμυνομένοις.
898 2571 928 2603 id
942 2570 1001 2604 est:
1014 2570 1061 2604 Sic

325 2625 359 2648 ut
377 2615 541 2650 caduceum
555 2617 642 2650 sumit
660 2618 859 2662 (Mercurius)
875 2618 989 2665 insigne
1011 2632 1063 2664 pa-

322 2662 478 2697 cificatoris
495 2668 527 2698 &
552 2665 684 2699 authoris
710 2665 839 2701 foederis.
887 2669 973 2702 Nam
986 2667 1063 2701 bella

321 2711 544 2746 Caduccatores
561 2711 750 2762 foecialeffiue
763 2714 920 2757 dirimunt,
937 2715 1064 2751 afferen-

321 2759 365 2793 do
378 2773 484 2807 pacem
508 2772 561 2795 aut
570 2762 709 2797 inducias.
747 2764 813 2804 Qii
829 2763 883 2798 nisi
902 2765 1063 2799 admittan—

324 2817 385 2850 tur,
403 2821 458 2843 nec
476 2809 584 2844 modus
604 2824 659 2845 nec
678 2811 745 2845 finis
764 2812 821 2846 erit
838 2813 1064 2856 calamitatibus,

325 2859 358 2890 &
375 2856 455 2891 ultro
480 2869 610 2906 utroque
629 2859 714 2895 illatis
736 2860 856 2906 injuriis.
898 2864 1063 2909 Interprete

324 2904 515 2950 Sigishiundo
527 2908 673 2944 GeleneO.

376 2954 483 2988 Franci
498 2966 614 2991 veteres
630 2961 642 2999 (
656 2959 709 3003 qui
725 2958 755 2992 in
768 2960 870 2994 multis
886 2961 1010 2995 Graecos
1024 2960 1064 2993 ffe-

326 2998 483 3045 quuntur)
498 3003 530 3035 in
546 3003 709 3041 istiufinodi
725 3007 839 3051 ritibus,
856 3010 950 3056 virgis
972 3009 1064 3043 etiam

326 3048 496 3083 consecratis
513 3049 556 3083 usi
570 3051 644 3086 sunt.
656 3055 704 3087 Sic
720 3056 802 3089 enim
815 3058 982 3104 Gregorius
996 3057 1066 3090 Tu-

328 3096 469 3138 ronensis,
487 3097 536 3131 lib.
552 3111 583 3143 7.
594 3112 638 3133 ca.
654 3114 708 3145 32.
721 3107 781 3145 Post
795 3107 862 3147 haec,
881 3111 953 3147 mifit
966 3112 1066 3138 iterum

327 3147 512 3180 Gundebaldus
533 3149 594 3180 duos
624 3151 719 3194 legatos
736 3154 773 3184 ad
781 3157 890 3197 Regem,
905 3168 965 3186 cum
983 3156 1066 3197 virgis

328 3195 478 3234 consecratis
493 3209 502 3238 3
520 3209 606 3238 juxta
620 3204 703 3231 ritum
729 3205 900 3241 Francorum,
922 3213 952 3234 ut
962 3202 1067 3241 seilicet

329 3254 379 3274 non
396 3249 611 3290 contingerentur
623 3247 657 3278 ab
668 3250 726 3280 ullo.
736 3253 850 3293 Legatos
864 3274 875 3290 ,
893 3246 943 3283 hic
953 3248 1066 3296 accipio

330 3302 383 3334 pre
393 3295 560 3333 Heraldts'‚ut
570 3293 661 3328 etiam
676 3296 756 3340 apud
765 3296 878 3340 Julium
893 3297 1046 3332 Pollucem
1057 3312 1067 3342 3

330 3337 377 3371 sed
388 3339 490 3385 quales
498 3352 582 3375 erant
591 3343 753 3389 vi1·gae,nec
767 3345 814 3390 illi
824 3347 1067 3392 exp1·imunt,nec

329 3398 389 3432 ego
402 3386 520 3422 definio.
536 3392 702 3431 Corficratas
719 3392 788 3426 dicit
806 3395 976 3441 Gregorius
999 3401 1010 3434 (
1034 3406 1068 3430 ut

329 3434 379 3468 illa
388 3435 550 3480 Mercurii>
563 3438 610 3472 sed
620 3440 668 3474 hae
679 3454 718 3475 ex
729 3454 814 3476 more
822 3444 982 3485 Gentium,
1008 3444 1067 3479 illae

330 3485 404 3522 (non
417 3483 536 3529 dubito)
553 3486 815 3527 Clu-istianorum2
841 3492 910 3527 licet
928 3492 1068 3539 serpenti-

1101 388 1158 422 bus
1175 388 1253 423 forte
1270 404 1331 425 non
1351 391 1487 438 infigues,
1504 392 1586 440 quod
1598 392 1711 426 bellum
1725 392 1833 425 illaturi

1100 437 1303 480 mitterentur,
1334 452 1395 473 non
1412 453 1526 487 pacem.
1567 442 1656 475 Ritus
1672 440 1833 486 vestigium

1100 485 1252 520 retinuisse
1266 487 1384 521 videtur
1397 489 1569 523 Frederieus
1587 492 1661 523 Dux
1678 490 1814 523 saxoni-³:
1827 503 1833 521 :

1100 535 1153 579 qui
1167 537 1225 568 An.
1234 537 1272 569 D.
1294 549 1305 570 1
1318 548 1399 581 545.
1412 537 1524 571 bellum
1537 538 1651 572 Carolo
1666 551 1694 583 5.
1708 537 1835 571 indictu-

1100 594 1169 615 rum
1181 581 1332 618 famulum
1342 585 1473 619 nobilem
1490 586 1639 632 deleganS‚
1665 584 1754 632 virg&
1767 598 1838 618 euni

1100 630 1183 661 tenui
1193 629 1288 676 (quali
1303 643 1428 667 utuntur
1437 634 1617 679 equitantes)
1630 633 1791 679 insignivit.

1148 678 1270 717 Quibus
1297 679 1435 724 adjeceris
1461 683 1542 728 quod
1561 683 1599 717 ad
1609 683 1773 717 Homerica
1792 681 1840 715 illa

1099 728 1212 769 Virgilii
1225 736 1310 759 notat
1323 732 1442 770 Servius,
1455 731 1578 764 AEneid.
1596 745 1607 765 1
1619 745 1649 766 2.
1662 730 1715 764 col.
1734 745 1743 764 1
1755 744 1773 776 7
1783 743 1840 775 55.

1099 784 1125 805 a.
1143 773 1187 805 Ut
1200 783 1301 807 autem
1315 776 1462 821 sceptrum
1471 779 1647 812 adhibeatur
1663 779 1700 812 ad
1714 778 1842 819 fatiem,

1100 820 1166 854 liaec
1176 821 1255 855 ratio
1268 821 1310 855 est
1325 836 1330 855 :
1344 824 1415 869 quia
1428 825 1553 868 majores
1571 828 1685 872 semper
1695 828 1732 860 ad
1743 826 1843 861 foedus

1100 867 1313 904 fimulachrum
1327 871 1410 915 Jovis
1428 873 1610 907 adhibebant
1623 891 1630 905 .·
1669 875 1751 920 quod
1770 888 1842 908 cum

1101 917 1257 952 taediosum
1288 918 1359 952 esset
1378 945 1388 960 ‚
1418 922 1568 967 praecipue
1590 922 1712 967 quando
1731 922 1841 955 fiebant

1100 963 1218 999 foedera
1244 979 1315 1001 cum
1334 967 1425 1014 longe
1449 969 1548 1014 positis
1567 970 1718 1016 gentibus,
1739 971 1841 1003 invenw

1100 1023 1167 1048 tum
1186 1014 1241 1056 est,
1258 1025 1291 1049 ut
1313 1015 1462 1062 sceptrum
1485 1028 1617 1052 tenentes
1635 1016 1716 1065 quasi
1735 1018 1841 1063 imagi-

1100 1075 1173 1097 nem
1190 1062 1361 1099 simulachri
1378 1066 1536 1101 redderent
1558 1068 1648 1111 Jovis.
1683 1067 1841 1112 Sceptrum

1100 1113 1183 1145 enim
1200 1113 1276 1148 illius
1297 1112 1340 1146 est
1355 1116 1527 1161 proprium:
1567 1115 1647 1149 unde
1665 1128 1746 1148 iiunc
1758 1124 1839 1148 tenet

1099 1159 1249 1208 sceptrum
1260 1162 1397 1203 Latinus,
1422 1176 1484 1198 non
1501 1163 1584 1211 quasi
1602 1177 1667 1205 rex,
1694 1163 1744 1198 sed
1757 1162 1840 1209 quasi

1101 1208 1331 1256 PaterpatratuS.
1362 1212 1440 1245 Haec
1458 1213 1495 1246 de
1512 1213 1638 1258 sceptris,

1150 1264 1287 1298 Cerycium
1312 1260 1387 1292 vero
1419 1273 1480 1294 non
1509 1260 1604 1294 solum
1625 1260 1733 1294 dicitur
1744 1258 1782 1302 de
1794 1273 1843 1294 ca·
1862 1272 1986 1308 Cestium,

1101 1305 1210 1348 duceo,
1232 1307 1281 1341 sed
1303 1306 1340 1340 de
1363 1309 1471 1354 quovis
1505 1315 1628 1349 Cerycum
1653 1308 1818 1354 gestamine
1837 1323 1844 1343 z

1102 1355 1224 1401 perinde
1246 1356 1401 1392 &vestem
1412 1360 1586 1391 Heraldorum
1605 1357 1768 1402 insignibus
1798 1370 1844 1391 re-

1101 1403 1281 1450 fulgentem,
1304 1413 1445 1449 Cerycium
1464 1403 1557 1453 probe
1576 1406 1768 1453 appellemus.

1153 1455 1195 1487 At
1213 1456 1359 1499 quaeritur
1370 1454 1525 1502 (inquam)
1543 1468 1597 1488 cur
1615 1458 1728 1489 Heraldi
1740 1454 1844 1489 dicun·
1857 1464 2047 1506 Qasedicuni

1103 1512 1152 1536 tur
1170 1508 1260 1549 Reges.
1308 1510 1371 1548 Rex
1402 1504 1519 1539 Latinis
1534 1503 1686 1538 interdum
1717 1503 1844 1538 divitem
1857 1513 1904 1535 tur
1926 1509 2015 1543 Reges.

1103 1560 1199 1592 notat,
1215 1555 1248 1585 &
1260 1563 1425 1597 potentem.
1472 1553 1586 1587 Parum
1610 1552 1668 1586 hoc
1684 1552 1722 1586 ad
1748 1557 1846 1586 Hera!-

1104 1602 1157 1633 dos.
1180 1606 1232 1642 Q]
1256 1612 1358 1636 autem
1376 1601 1457 1649 apud
1483 1602 1613 1635 Francos
1653 1602 1752 1643 (inter
1770 1614 1844 1648 quos

1105 1648 1256 1694 originem
1271 1651 1400 1685 nominis
1412 1649 1550 1685 libentius
1567 1663 1669 1696 quaero
1679 1652 1697 1694 )
1729 1662 1845 1696 praepo-

1105 1695 1194 1730 situm
1206 1724 1216 1739 ,
1234 1701 1266 1732 ὃ(
1295 1698 1478 1733 visitatorem
1516 1699 1667 1732 interdum
1694 1698 1848 1745 significat.

1106 1746 1154 1779 Sic
1163 1753 1214 1789 Roy
1228 1750 1259 1780 de
1271 1754 1394 1781 merciers
1413 1760 1508 1793 nuper
1526 1747 1690 1793 appellatus
1707 1746 1771 1787 est,
1793 1747 1845 1792 qui

1107 1806 1172 1827 rem
1191 1796 1327 1830 venalem
1353 1797 1384 1831 in
1402 1796 1482 1830 Aula
1506 1796 1712 1830 exercentibus
1729 1807 1845 1841 praepo-

1107 1842 1255 1888 nebatur3
1293 1858 1406 1880 merces
1418 1871 1428 1887 ‚
1452 1845 1587 1892 pondera
1604 1871 1614 1886 ‚
1645 1849 1676 1879 &
1689 1844 1840 1878 mensuras

1107 1902 1269 1927 curaturus.
1316 1895 1376 1928 Sed
1406 1894 1508 1928 ediCto
1538 1895 1640 1939 Regio
1671 1896 1728 1927 An.
1751 1894 1843 1926 Dom.

1114 1950 1220 1986 1597.
1233 1955 1344 1977 nomen
1353 1943 1412 1989 ejus
1431 1943 1481 1984 (ut
1499 1940 1843 1985 ludibriummajestatis)

1108 1988 1140 2022 in
1151 1994 1259 2031 vzfiteur
1283 2003 1435 2025 mutatum
1448 1991 1497 2024 est.
1549 1992 1623 2025 Erat
1649 1995 1680 2025 ἃ
1695 1990 1845 2036 antiquior

1108 2037 1243 2082 quidam,
1269 2046 1320 2081 Ray
1344 2044 1375 2073 de
1400 2042 1542 2083 ¹Rihaula'es
1572 2039 1686 2073 diistus:
1722 2037 1845 2083 cujusin
1865 2045 1913 2074 Ray
1928 2041 1955 2068 d:
1971 2039 2074 2079 Ribaur‘n

1108 2097 1233 2119 munere
1251 2085 1308 2121 fuit
1320 2114 1330 2130 ‚
1354 2089 1466 2122 Aulam
1494 2087 1617 2121 lustrare
1630 2114 1640 2129 ‚
1656 2086 1824 2122 balatrones
1838 2112 1848 2127 ‚
1861 2081 1910 2111 siff·

1109 2132 1290 2169 insidiatores
1311 2140 1344 2171 &
1363 2136 1477 2180 faecem¹
1496 2136 1602 2185 populi
1619 2149 1730 2178 arcere,
1752 2148 1846 2169 manu

1109 2180 1230 2228 stipatus
1256 2184 1485 2230 sagittariorum.
1532 2184 1632 2230 Hujus
1649 2186 1752 2231 utique
1779 2186 1848 2217 titu-

1109 2229 1175 2263 lum
1186 2256 1196 2272 ,
1212 2231 1263 2265 illo
1281 2245 1349 2266 aevo
1368 2234 1481 2267 ademit
1506 2233 1633 2266 Carolus
1658 2235 1688 2267 6.
1707 2233 1759 2279 qui
1777 2244 1846 2277 reg—

1111 2290 1185 2312 num
1203 2279 1268 2313 iniit
1287 2281 1340 2314 sub
1358 2284 1417 2315 An.
1430 2283 1523 2315 Dom.
1541 2281 1648 2328 1381.
1673 2285 1705 2315 &
1718 2281 1845 2314 succeffit

1110 2323 1161 2369 (ut
1172 2328 1350 2373 opinantur)
1368 2334 1473 2373 Provost
1490 2333 1522 2363 cle
1539 2328 1638 2372 l⁷hostel
1654 2356 1664 2371 ,
1696 2329 1798 2375 postea
1823 2333 1847 2361 le

1105 2379 1197 2421 grand
1207 2382 1314 2422 Provost
1332 2381 1363 2412 de
1382 2385 1493 2420 France,
1515 2378 1549 2413 &
1574 2382 1605 2412 de
1627 2377 1726 2422 l'htfiel
1743 2382 1778 2412 du
1795 2385 1846 2421 Ray

1111 2437 1306 2472 nuncupatus.
1315 2427 1373 2461 Sed
1385 2429 1509 2468 interea,
1522 2437 1555 2460 ut
1564 2426 1689 2462 florente
1703 2430 1847 2461 Romano

1111 2473 1256 2519 Imperio,
1285 2483 1347 2519 Rex
1365 2477 1458 2511 etiam
1488 2475 1586 2510 dietus
1604 2476 1672 2522 est«,
1690 2477 1742 2524 qui
1762 2476 1847 2510 sacris
1863 2487 1928 2514 Rex
1942 2484 2075 2514 merorum*

1110 2520 1243 2568 praefuit,
1256 2528 1287 2558 &
1296 2526 1484 2560 ceremoniis:
1499 2523 1538 2558 sic
1547 2529 1683 2567 Hei-aldis,
1696 2525 1789 2570 Regis
1798 2537 1849 2558 cu-
1865 2542 1913 2575 ΙΨ]
1923 2538 1951 2567 de
1966 2535 2075 2563 Heraul‘

1111 2571 1242 2606 rantibus
1259 2575 1459 2616 ceremonias,
1480 2577 1512 2608 ὅ(
1529 2574 1640 2609 sacram
1657 2574 1852 2620 dignitatem,
1864 2578 1915 2606 des.

1111 2620 1162 2653 sua
1180 2621 1289 2655 mansit
1300 2624 1383 2668 regia
1395 2622 1563 2670 appellatio
1594 2624 1761 2658 Praesertim
1774 2622 1849 2656 dum

1111 2669 1267 2714 personam
1299 2672 1395 2718 Regis
1415 2671 1642 2719 quodammodo
1666 2671 1852 2711 exhiberem,

1112 2720 1257 2761 coronati,
1269 2721 1438 2762 consecrati,
1468 2721 1598 2754 &armis
1621 2721 1669 2755 seu
1688 2719 1850 2765 insignibus

1113 2767 1218 2812 Regiis
1228 2767 1281 2810 (ut
1290 2770 1376 2815 supra
1387 2769 1679 2818 diximuSJtanquaui
1687 2768 1774 2814 ipsius
1785 2770 1846 2801 Re-

1112 2815 1159 2861 gis
1172 2816 1292 2851 militari
1304 2818 1492 2859 indumento,
1508 2819 1652 2852 adornati.

1137 2865 1163 2897 F
1164 2865 1226 2899 asti
1235 2866 1273 2900 sic
1286 2866 1426 2900 videntur
1440 2867 1522 2900 velut
1531 2867 1634 2900 statua:
1645 2866 1849 2910 iuiPrincipis3
1864 2889 1921 2915 Her
1922 2883 1975 2913 aldi
1997 2878 2076 2910 prim

1111 2911 1194 2958 ‚cujus
1203 2914 1269 2948 ideo
1282 2915 1403 2948 titulum
1431 2914 1448 2961 (
1467 2914 1526 2948 sive
1539 2916 1643 2961 Regis,
1673 2913 1732 2948 five
1745 2914 1849 2956 Ducis,
1863 2926 1929 2961 ciij
1942 2923 1979 2952 sui
1991 2922 2060 2950 tim-

1114 2959 1174 2994 sive
1186 2964 1314 2997 Comitis
1328 2962 1340 3007 )
1363 2962 1525 3009 aliquando
1540 2963 1731 3008 accipiebant.
1753 2967 1849 2997 Heral-
1862 2968 1920 2994 lum
1928 2967 2041 3000 gerunt.

1114 3013 1162 3042 dus
1189 3011 1296 3045 scilicet
1321 3013 1415 3057 Regis
1434 3012 1567 3045 Franciae
1583 3034 1594 3052 9
1634 3018 1696 3054 Rex
1714 3024 1847 3046 armorum
1865 3037 1930 3063 Dux
1939 3029 2069 3058 Armorum
2096 3036 2105 3051 ο»

1115 3064 1235 3091 Franciae
1246 3086 1256 3100 ‚
1290 3060 1452 3105 appellatus
1480 3059 1531 3092 est.
1587 3065 1719 3095 Herasdas
1756 3062 1849 3095 Ducis

1115 3107 1275 3141 Britanniae
1294 3109 1424 3149 minoris,
1447 3115 1516 3141 Dux
1543 3123 1676 3143 armorum
1692 3110 1769 3144 illius
1787 3115 1851 3148 Bri-

1115 3160 1235 3198 tmmz'ae3
1271 3160 1303 3190 ὃς
1321 3159 1450 3189 Heraldus
1474 3157 1489 3199 (
1506 3166 1540 3190 ut
1558 3155 1653 3192 fertur
1670 3158 1687 3202 )
1718 3160 1853 3194 Ducatus

1116 3204 1326 3239 Normanniae.
1362 3212 1431 3239 Dux
1449 3220 1584 3239 armorum
1599 3214 1783 3250 Normanniae,
1796 3209 1853 3244 &a

1116 3250 1275 3297 insignitus
1295 3253 1337 3287 est
1352 3255 1442 3288 etiam
1456 3262 1518 3298 Rex
1531 3270 1666 3290 armorum
1680 3269 1790 3291 corona
1802 3258 1851 3291 de-

1115 3311 1220 3334 aurata
1249 3301 1340 3336 instar
1357 3303 1484 3349 Regiae3
1522 3311 1592 3337 Dux
1609 3306 1682 3339 vero
1707 3320 1851 3345 armorum,

1116 3349 1227 3383 circulo
1239 3350 1416 3392 tantum‚feu
1429 3350 1540 3387 corolla
1552 3354 1667 3388 Ducali.
1704 3355 1786 3387 Hinc
1799 3353 1850 3385 sub

1117 3410 1179 3431 uno
1199 3400 1287 3444 Rege
1297 3399 1344 3433 vel
1361 3400 1497 3445 Principe
1508 3427 1518 3442 ,
1535 3403 1657 3435 unicum
1679 3400 1850 3434 habendum

1117 3448 1240 3493 Regem
1250 3448 1298 3482 vel
1315 3449 1485 3495 Principem
1503 3462 1658 3483 armorum
1675 3474 1685 3489 ‚
1727 3448 1850 3495 quidam

1116 3493 1248 3530 afferunt
1265 3521 1275 3539 ,
1317 3506 1352 3531 ut
1379 3497 1466 3542 supra
1489 3497 1624 3530 diximus.
1671 3496 1724 3529 Ob
1758 3497 1851 3541 Regi⁹

1410 3547 1474 3577 Oo
1508 3557 1527 3578 τ
1796 3550 1849 3578 uni

1865 1775 1913 1807 ΚΟ]
1921 1771 1948 1798 „Ie
1957 1769 2072 1798 merciers
